2258 3537
1107 65 1137 90 Ι

650 133 1008 212 zius-r.
1113 151 1515 212 nrt-11.
1782 161 1913 234 241

237 281 449 351 πᾶσι·
497 271 673 344 navis
713 326 734 360 ,
787 293 986 368 quem
1023 266 1185 348 bini
1229 265 1411 341 fimul
1460 273 1635 342 venti
1672 327 1693 362 ,
1743 298 1907 346 unus

239 373 431 457 hinc,
475 373 630 440 alter
675 368 856 440 illinc
907 364 1229 439 diversum
1279 389 1521 464 agunt,
1550 392 1907 465 pugnantes

243 469 322 542 de
393 471 542 540 navi
604 485 875 560 uterque
941 470 1008 534 &
1065 487 1237 533 mare
1299 464 1561 562 quidem
1605 465 1913 542 versantes

241 568 311 636 in
379 565 715 637 contrarias
749 581 986 658 ‚partes
1029 617 1050 651 ,
1135 585 1365 630 navem
1428 559 1624 657 ipsam
1686 564 1757 632 in
1820 593 1901 635 u-

245 685 540 757 tramque
575 657 900 729 trudentes
933 675 1171 728 tamen.
1232 657 1353 728 Sed
1384 664 1629 731 utinam
1649 659 1683 749 ‚‘
1730 661 1911 734 sicuti

243 756 474 830 diver-{i
513 759 581 826 in
614 759 834 826 animo
871 779 1022 824 meo
1057 751 1504 825 conversantur
1540 755 1905 852 cupidines,

241 859 334 926 ita
385 863 452 926 &
499 853 726 922 mulier
771 873 1034 948 utraque
1093 854 1225 938 {ine
1270 855 1500 925 aemulo
1550 857 1751 926 livore
1786 853 1909 925 effe

242 951 492 1049 possent
525 949 730 1023 fimul.

248 1192 556 1290 DJVE
580 1215 632 1286 S
707 1211 1403 1288 PAUPEREM
1465 1211 1925 1286 ELEGIT

467 1309 772 1404 conjugem
790 1363 811 1396 ‚
839 1313 1671 1478 ssssoflotssgasffmmmr

358 1599 917 1674 EUBULIDES
1013 1602 1797 1677 HEGE-SISTRATO.
1905 1578 1953 1619 ‘⁸

456 1820 506 1869 Α
527 1825 576 1872 L
597 1825 644 1871 E
695 1819 953 1872 moratae
987 1798 1273 1869 mulieris
1304 1818 1513 1891 neque
1534 1796 1910 1895 ipsainopia

237 1810 452 1980 M
472 1894 939 1969 mansuefacere
973 1916 1254 1970 mentem
1272 1893 1500 1989 potest,
1522 1920 1741 1993 neque
1766 1923 1906 1966 eam

234 1995 342 2067 vel
389 1996 733 2065 minimum
787 1990 994 2066 facere
1044 2014 1116 2063 ut
1169 1995 1489 2087 morigera
1524 1994 1597 2064 fit
1623 1993 1917 2090 imperiis

241 2088 386 2157 viri.
437 2096 616 2160 Nam
651 2114 777 2185 ego
799 2114 1149 2184 pauperem
1179 2112 1261 2155 eo
1283 2089 1553 2160 confilio
1582 2090 1910 2179 duxeram,

242 2208 327 2255 ne
359 2184 519 2282 quid
549 2186 802 2281 gravius
836 2206 1076 2279 paterer
1099 2182 1286 2253 dufita
1316 2182 1540 2255 divite.
1590 2185 1675 2253 Et
1705 2190 1913 2257 amavi

239 2306 383 2351 eam
420 2278 716 2352 desubito
734 2333 756 2365 ,
773 2276 1105 2377 cauffaque
1186 2281 1351 2349 rima
1376 2283 1615 2351 amoris
1635 2306 1712 2353 ex
1731 2280 1914 2352 mise-

240 2382 494 2449 ratione
513 2382 648 2466 ejus
665 2376 896 2470 inopiae
917 2405 932 2446 t
954 2306 1286 2447 credessam
1306 2402 1409 2448 me
1426 2377 1611 2449 sortis
1632 2384 1767 2468 ejus
1787 2381 1919 2447 mi·-

239 2470 448 2561 sereri,
469 2471 721 2545 nescius
742 2471 924 2543 miser
944 2474 1207 2546 initium
1222 2470 1345 2544 effe
1361 2477 1601 2547 amoris
1615 2473 1779 2545 hanc
1792 2477 1921 2545 mi-

240 2570 670 2643 sericordiam.
704 2596 858 2640 nam
886 2566 1047 2669 saepe
1067 2571 1277 2645 amori
1295 2578 1489 2668 origo
1508 2598 1543 2641 a
1561 2569 1923 2643 miseratio-

244 2692 348 2738 ne.
392 2668 518 2738 Sed
554 2670 661 2738 ina
692 2663 771 2736 ab
804 2666 996 2737 initio'
1009 2670 1308 2739 omnium
1328 2668 1548 2767 indiga
1561 2666 1917 2763 superbiam

247 2770 318 2834 &
349 2761 576 2835 fastum
611 2764 818 2835 multo
852 2785 1031 2835 tanto
1061 2762 1377 2862 superavit
1416 2766 1683 2857 cujusvis
1698 2762 1921 2841 dotatae

1063 2867 1166 2955 Q
1768 2888 1929 2953 con-

249 3052 457 3130 possit:
513 3042 895 3113 Sc'ribendum
928 3051 1048 3110 fine
1121 3050 1336 3111 PAuw.

254 3128 473 3223 qubigp:
521 3127 648 3223 3270(
686 3128 716 3228 θ’)
757 3129 961 3223 πάντων
991 3130 1049 3221 ἐξ
1204 3134 1399 3225 fona&
1430 3130 1711 3209 τᾷμέσῳ]
1757 3141 1923 3209 Mag·

257 3226 438 3279 αςχης
495 3226 584 3271 ‘tm
644 3228 808 3282 τυχην
873 3202 1053 3270 edens.
1125 3208 1526 3271 nomtervallm
1563 3208 1775 3269 me.
1802 3272 1832 3305 d
1898 3233 1902 3237 ·

1800 3306 1933 3359 cot-ep
