2258 3537
661 139 1016 217 Ebis‘r‘.
1102 157 1483 214 nin-ir.
1802 155 1949 246 2229.

265 261 497 358 vieet&
537 271 855 338 amantem
885 261 1415 360 summogaudio.
1462 265 1701 336 mulier
1718 265 1941 338 oscula·

281 363 537 462 pangit3
569 382 928 460 panguntur
957 362 1051 429 vir
1098 362 1213 430 ini.
1255 361 1341 430 Et
1367 381 1440 434 tu
1460 357 1606 443 'haec
1626 367 1752 448 jam
1787 388 1945 458 pro-s

283 463 369 536 be
403 455 592 533 nosti.
644 461 762 531 Sin
793 456 992 530 modo
1023 482 1068 526 o
1113 458 1463 540 litus,veni
1492 483 1709 530 carum
1726 482 1939 557 caput,

211 623 218 628 .
287 568 372 646 δε,
405 581 442 624 e
487 581 530 624 o
579 553 708 628 tibi
751 556 854 628 bis
901 575 1076 624 terve
1125 577 1415 628 mearum
1450 553 1814 628 deliciarum
1848 581 1949 627 re·-

284 582 533 735 vocafio
565 657 959 728 memoriam.

281 911 788 987 SOCRUM
842 913 1304 991 ·AMANS
1379 891 1942 998 STRENUE
2048 857 2064 864 “

546 1063 794 1160 pugnat
809 1045 930 1144 fico
963 1048 1259 1140 cupidini.
1360 1049 1441 1123 V
1465 1049 1519 1118 I
1538 1049 1590 1118 I
1607 1048 1666 1118 I.

412 1245 1041 1316 *Tnssocnsss
1140 1245 1799 1338 HYPERJDI.

279 1429 712 1612 AMAVI
752 1434 952 1508 visam
985 1457 1208 1506 recens
1240 1438 1595 1533 elegantem
1675 1437 1944 1508 uellam:

371 1544 384 1558 '
519 1557 664 1602 eam
696 1531 862 1605 mihi
905 1552 1194 1630 parentes
1226 1538 1291 1620 ju
1338 1557 1519 1602 avere
1551 1465 1733 1622 jugis
1768 1557 1943 1626 nup-

279 1629 410 1697 tiis.
507 1628 686 1699 Felix
743 1652 912 1702 certe
959 1640 1023 1702 &
1074 1559 1434 1718 jucunffum
1483 1629 1822 1701 videbatur
1854 1633 1957 1717 ju.-

283 1748 460 1821 gum.
513 1749 775 1799 uxorem
808 1732 988 1801 enim
1021 1724 1339 1799 habebam
1381 1753 1581 1825 quam
1615 1727 1945 1826 expetive-

276 1836 452 1893 ram:
486 1823 754 1921 spesque
783 1848 916 1897 erat
948 1828 1214 1900 firmum
1250 1850 1323 1895 ac
1364 1822 1761 1898 constantem
1800 1822 1945 1895 fore

281 1923 516 1991 amoris
549 1921 794 1993 nodum
816 1975 840 2017 ,
896 1950 1111 2022 quum
1150 1922 1473 1995 firmiores
1511 1924 1749 2026 nuptiae
1786 1923 1951 2006 fint,

276 2018 420 2109 quis
455 2018 658 2089 caussa
689 2018 770 2088 ab
807 2046 1042 2093 amore.
1093 2018 1216 2089 Sed
1250 2018 1505 2089 invidus
1534 2020 1802 2089 mutavit
1821 2022 1949 2089 mi·-

275 2108 346 2178 hi
397 2114 664 2205 Cupido
705 2139 926 2187 meum
973 2115 1371 2208 cupidinem,
1424 2136 1493 2185 ut
1533 2114 1785 2185 socrum
1830 2122 1948 2207 pro

219 2288 225 2296 ,
279 2232 486 2277 uxore
527 2208 889 2303 depeream.
967 2209 1148 2307 Qid
1202 2210 1441 2279 faciam
1496 2211 1743 2281 miser?
1812 2234 1945 2305 qua

285 2300 499 2375 fronte
547 2328 697 2377 cum
745 2309 998 2400 amica,
1055 2330 1188 2403 quo
1235 2311 1372 2396 jure
1407 2330 1555 2377 cum
1590 2306 1777 2380 socru
1816 2308 1942 2377 ser·
2006 2330 2012 2335 ’

873 2433 878 2437 ·
1051 2410 1100 2474 Ρ
1157 2426 1191 2490 3
1722 2430 1953 2475 mones

277 2594 377 2655 hic
445 2606 712 2657 narratur
745 2636 764 2666 ‚
831 2594 1074 2681 pulchre
1151 2577 1343 2672 page,
1384 2612 1566 2675 apage
1610 2612 1830 2672 nugam,
1874 2615 1949 2656 ne

181 2706 187 2714 ι
279 2670 517 2729 alludit:
554 2671 748 2730 ·Deos
797 2688 958 2730 emm
991 2672 1076 2729 A·
1153 2673 1399 2745 quidem
1472 2673 1617 2730 boni
1672 2673 1955 2733 habentes

272 2760 598 2804 verruncos
625 2748 869 2806 invocat
887 2746 1078 2804 homo
1154 2748 1432 2821 speciem.
1474 2748 1684 2805 Pauw.
1914 2808 1917 2812 ,

279 2822 530 2882 minime
595 2820 900 2897 improbus
931 2869 950 2893 ,
1018 2837 1086 2883 ut
1237 2827 1357 2891 τῆς·
1408 2813 1725 2899 amydem]
1810 2822 1954 2883 Fors

277 2897 508 2957 crimen
537 2896 620 2954 im
666 2900 879 2957 robum
913 2916 1083 2959 aver·
1160 2914 1387 2957 nomen
1466 2898 1772 2975 proprium
1835 2900 1949 2959 est:

276 2983 426 3049 tant.
486 2972 610 3047 Qui
681 2987 882 3033 autem
919 2986 1082 3033 Em·
1160 2972 1318 3031 Vide
1354 2972 1806 3048 Inscriptionem
1841 2976 1958 3050 Ep.

279 3048 452 3114 κλῖίςέ
497 3048 681 3116 Idne,
763 3048 891 3107 uod
919 3054 1087 3110 Mer·
1164 3066 1253 3121 17.
1293 3049 1504 3107 Pauw.

277 3141 442 3182 cerus
487 3122 560 3183 de
605 3124 720 3185 OE
765 3124 946 3198 ipode
993 3142 1084 3184 re-
1235 3118 1455 3202 ἀηδὲς]
1513 3125 1679 3201 Lege
1714 3168 1732 3197 ,
1792 3126 1947 3183 ὦναί-

283 3197 434 3269 fert,
475 3200 592 3261 huc
637 3199 938 3280 pertinet?
997 3202 1087 3262 A-
1159 3196 1285 3270 θῦε.
1340 3219 1472 3279 ,non
1532 3203 1693 3263 enim
1755 3191 1943 3335 ἀιὲὃὸς
2045 3228 2054 3234 -

353 3320 360 3327 .
1842 3292 1951 3337 1c1-
