2258 3537
589 41 1837 274 PRAEFATJO‚0

369 307 833 392 cerebellum
883 307 1179 391 strenue
1218 313 1298 388 δε
1322 325 1673 390 accurate
1712 338 2029 426 purget:

370 426 558 509 dein·
613 425 864 532 capite
917 422 1102 505 sano
1168 429 1242 502 δε
1308 421 1506 503 bene
1580 445 2022 537 temperato-

371 542 472 621 ad
534 537 860 647 Linguae
909 535 1296 648 tyrocinia
1351 535 1712 634 accedat,
1741 569 2016 654 caque

347 651 638 750 ,sedulo
675 661 754 734 &
795 654 1151 762 gnaviter
1182 649 1557 734 addiscat:
1644 657 1769 736 Sic
1798 662 2014 740 enim
2047 671 2057 688 ⁴

242 821 250 829 .
369 765 732 864 eveniet,
811 787 902 846 ut
965 766 1256 876 optimi
1312 764 1703 848 Auffores
1756 769 2015 854 Graeci

375 871 638 965 saltem
694 881 1032 961 locuturi
1078 877 1227 962 fint
1290 879 1599 961 Graece:
1659 879 1877 965 Nam
1916 884 2019 969 de

366 995 670 1107 judicio
705 1003 784 1078 ὃς
827 995 1149 1104 ingenio
1180 996 1345 1104 ejus
1382 989 1657 1076 frustra
1678 993 2017 1094 hercule,

377 1111 518 1192 sim
562 1107 923 1190 solicitus,
981 1105 1205 1213 Quid
1241 1106 1750 1202 aiS,LeEt0r?
1776 1112 2016 1194 Non-

243 1323 246 1331 !
365 1253 470 1310 ne
501 1249 683 1304 cum
707 1221 912 1306 Viro
933 1222 1280 1330 benigno
1302 1219 1633 1332 benigne
1654 1243 1831 1334 ago?
1863 1229 2019 1309 Sed

373 1343 494 1419 tui
537 1329 768 1438 e'tiam
823 1336 1179 1418 habenda
1212 1333 1321 1420 est
1366 1338 1611 1419 ratio:
1696 1338 2015 1424 Addam

367 1454 610 1562 igitur
647 1506 672 1546 ‚
751 1453 973 1561 quod
1038 1478 1201 1530 non
1264 1451 1613 1562 negliges·
1653 1514 1687 1546 ,
1757 1452 2021 1562 spero:

374 1567 457 1658 Si
497 1594 680 1652 cum
719 1567 1038 1647 Orbilio
1067 1563 1365 1674 aliquid
1404 1566 1547 1646 tibi
1585 1564 2021 1650 intercedat
2128 1573 2133 1584 ’

289 1707 296 1714 ·
379 1684 726 1795 negotii,
781 1679 866 1760 id
922 1701 1145 1762 caute
1211 1688 1291 1761 St·
1339 1679 1891 1789 circumspeste
1934 1711 2017 1764 a-

377 1825 510 1907 gas
551 1826 566 1871 :
625 1794 866 1877 ‘Nam
921 1796 1175 1904 qualis
1228 1794 1340 1875 est
1381 1796 1722 1878 hominis
1753 1796 2016 1878 erudi·

382 1914 545 2003 ti0‚
599 1908 772 1991 talis
809 1910 1005 1991 mihi
1045 1908 1362 1990 videtur
1394 1908 1743 2017 hominis
1797 1908 2015 1991 fides,

381 2026 548 2107 Scis
567 2082 609 2123 „
655 2050 890 2133 quam
949 2022 1223 2106 festive
1260 2048 1668 2135 protcaptu
1712 2022 1849 2105 suo
1888 2050 2015 2105 me

333 2138 652 2229 ,lufir,·
690 2140 912 2249 quod
997 2138 1173 2220 MS.
1242 2137 1483 2221 Philae
1546 2136 2017 2223 Vaticanum

376 2251 840 2353 crediderim
959 2254 1421 2336 Editionem
1512 2253 2016 2335 Arsenianam

373 2388 596 2449 aetate
629 2367 1094 2474 praecedere:
1158 2366 1333 2475 Ipse
1367 2393 1625 2451 tamen
1676 2395 1812 2479 per
1833 2368 2023 2451 Vla-

380 2470 771 2582 iningium
811 2477 919 2564 τὸν
950 2478 1322 2588 μακαρίτην
1356 2508 1453 2563 ex
1505 2483 1730 2589 ltalia
1767 2482 1866 2563 ad
1890 2509 2019 2562 me

384 2594 670 2705 scripsit
706 2652 724 2683 ,
789 2596 1028 2677 literis
1065 2649 1086 2686 ,
1146 2620 1341 2704 quas
1394 2623 1635 2704 penes
1696 2622 1829 2677 me
1890 2596 2025 2678 ha-

384 2712 530 2791 bco
573 2762 598 2802 ,
679 2720 759 2793 ὃς
829 2710 1098 2791 multis
1172 2713 1326 2817 jam
1405 2712 1617 2794 Viris
1654 2708 2027 2799 Eruditis

383 2823 725 2918 ostendi,
753 2826 1274 2935 omnibusque
1311 2834 1389 2907 ὃ(
1430 2826 1747 2935 singulis
1770 2822 2029 2902 osten-

387 2936 910 3045 dere-paratus
949 2941 1108 3019 sum
1157 2968 1393 3047 porro
1418 2994 1439 3032 ,
1477 2946 1559 3020 in
1598 2935 2030 3019 Bibliothe-

307 3116 320 3140 Ι·
389 3080 475 3135 ca
503 3050 877 3139 Vaticana
909 3084 951 3147 a
985 3052 1058 3136 se
1099 3078 1495 3163 repertum
1518 3053 1787 3137 Philen
1817 3074 2025 3149 ,exa-

1904 3190 2029 3247 ra-
