<?xml version="1.0" encoding="UTF-8"?>
<!DOCTYPE html PUBLIC "-//W3C//DTD XHTML 1.0 Transitional//EN"
    "http://www.w3.org/TR/xhtml1/DTD/xhtml1-transitional.dtd">
<html xmlns="http://www.w3.org/1999/xhtml" xml:lang="en" lang="en">
 <head>
  <title>
</title>
<meta http-equiv="Content-Type" content="text/html;charset=utf-8" />
  <meta name='ocr-system' content='tesseract 3.04.00' />
  <meta name='ocr-capabilities' content='ocr_page ocr_carea ocr_par ocr_line ocrx_word'/>
</head>
<body>
  <div class='ocr_page' id='page_1' title='image "./epistolgrccumve00arisgoog_0075.png"; bbox 0 0 2258 3537; ppageno 0'>
   <div class='ocr_carea' id='block_1_1' title="bbox 685 73 1929 178">
    <p class='ocr_par' dir='ltr' id='par_1_1' title="bbox 685 73 1929 178">
     <span class='ocr_line' id='line_1_1' title="bbox 685 73 1929 178; baseline -0.002 -23"><span class='ocrx_word' id='word_1_1' title='bbox 685 95 1056 155; x_wconf 66' lang='lat' dir='ltr'><strong>nus-1⁴.</strong></span> <span class='ocrx_word' id='word_1_2' title='bbox 1147 73 1487 154; x_wconf 56' lang='lat' dir='ltr'><strong>Lim-h</strong></span> <span class='ocrx_word' id='word_1_3' title='bbox 1824 93 1929 178; x_wconf 64' lang='lat'><strong>47</strong></span> 
     </span>
    </p>
   </div>
   <div class='ocr_carea' id='block_1_2' title="bbox 232 215 1935 809">
    <p class='ocr_par' dir='ltr' id='par_1_2' title="bbox 232 215 1935 809">
     <span class='ocr_line' id='line_1_2' title="bbox 235 215 1929 318; baseline -0.003 -22"><span class='ocrx_word' id='word_1_4' title='bbox 235 221 438 296; x_wconf 74' lang='lat' dir='ltr'><strong>nu‘an&#39;t</strong></span> <span class='ocrx_word' id='word_1_5' title='bbox 484 218 768 318; x_wconf 80' lang='lat' dir='ltr'><strong>nuptias.</strong></span> <span class='ocrx_word' id='word_1_6' title='bbox 801 215 912 290; x_wconf 82' lang='lat' dir='ltr'><strong>Et</strong></span> <span class='ocrx_word' id='word_1_7' title='bbox 940 237 1016 290; x_wconf 87' lang='lat' dir='ltr'><strong>tu</strong></span> <span class='ocrx_word' id='word_1_8' title='bbox 1044 222 1175 312; x_wconf 82' lang='lat' dir='ltr'><strong>jam</strong></span> <span class='ocrx_word' id='word_1_9' title='bbox 1206 236 1453 290; x_wconf 78' lang='lat' dir='ltr'><strong>matuta</strong></span> <span class='ocrx_word' id='word_1_10' title='bbox 1481 215 1663 305; x_wconf 83' lang='lat' dir='ltr'><strong>vire,</strong></span> <span class='ocrx_word' id='word_1_11' title='bbox 1703 216 1929 292; x_wconf 74' lang='lat' dir='ltr'><strong>brevi-</strong></span> 
     </span>
     <span class='ocr_line' id='line_1_3' title="bbox 233 315 1932 420; baseline 0 -30"><span class='ocrx_word' id='word_1_12' title='bbox 233 343 362 420; x_wconf 86' lang='lat' dir='ltr'><strong>que</strong></span> <span class='ocrx_word' id='word_1_13' title='bbox 409 319 640 416; x_wconf 81' lang='lat' dir='ltr'><strong>paratis</strong></span> <span class='ocrx_word' id='word_1_14' title='bbox 683 317 972 390; x_wconf 85' lang='lat' dir='ltr'><strong>nummis</strong></span> <span class='ocrx_word' id='word_1_15' title='bbox 1022 317 1096 388; x_wconf 88' lang='lat' dir='ltr'><strong>in</strong></span> <span class='ocrx_word' id='word_1_16' title='bbox 1148 315 1373 406; x_wconf 75' lang='lat' dir='ltr'><strong>dotem</strong></span> <span class='ocrx_word' id='word_1_17' title='bbox 1408 337 1587 389; x_wconf 83' lang='lat' dir='ltr'><strong>tuam</strong></span> <span class='ocrx_word' id='word_1_18' title='bbox 1616 339 1781 414; x_wconf 80' lang='lat' dir='ltr'>opus</span> <span class='ocrx_word' id='word_1_19' title='bbox 1806 319 1932 390; x_wconf 84' lang='lat' dir='ltr'><strong>erit</strong></span> 
     </span>
     <span class='ocr_line' id='line_1_4' title="bbox 232 410 1927 516; baseline 0 -28"><span class='ocrx_word' id='word_1_20' title='bbox 232 418 422 515; x_wconf 86' lang='lat' dir='ltr'><strong>patri.</strong></span> <span class='ocrx_word' id='word_1_21' title='bbox 510 415 701 516; x_wconf 64' lang='lat' dir='ltr'><strong>Qud</strong></span> <span class='ocrx_word' id='word_1_22' title='bbox 745 417 874 504; x_wconf 38' lang='lat' dir='ltr'><strong>aisa,</strong></span> <span class='ocrx_word' id='word_1_23' title='bbox 920 421 1167 488; x_wconf 79' lang='lat' dir='ltr'><strong>mater?</strong></span> <span class='ocrx_word' id='word_1_24' title='bbox 1210 412 1377 512; x_wconf 69' lang='lat' dir='ltr'><strong>nihil</strong></span> <span class='ocrx_word' id='word_1_25' title='bbox 1428 410 1519 486; x_wconf 85' lang='lat' dir='ltr'><strong>est</strong></span> <span class='ocrx_word' id='word_1_26' title='bbox 1573 413 1759 513; x_wconf 89' lang='lat' dir='ltr'><strong>quod</strong></span> <span class='ocrx_word' id='word_1_27' title='bbox 1784 440 1927 488; x_wconf 84' lang='lat' dir='ltr'><strong>me-</strong></span> 
     </span>
     <span class='ocr_line' id='line_1_5' title="bbox 233 512 1931 682; baseline -0.002 -94"><span class='ocrx_word' id='word_1_28' title='bbox 233 535 419 588; x_wconf 86' lang='lat' dir='ltr'>tuam</span> <span class='ocrx_word' id='word_1_29' title='bbox 466 518 696 614; x_wconf 84' lang='lat' dir='ltr'><strong>magis.</strong></span> <span class='ocrx_word' id='word_1_30' title='bbox 785 514 963 588; x_wconf 90' lang='lat' dir='ltr'><strong>Noli</strong></span> <span class='ocrx_word' id='word_1_31' title='bbox 1008 513 1255 600; x_wconf 83' lang='lat' dir='ltr'><strong>vereri,</strong></span> <span class='ocrx_word' id='word_1_32' title='bbox 1305 512 1482 600; x_wconf 82' lang='lat' dir='ltr'><strong>filia;</strong></span> <span class='ocrx_word' id='word_1_33' title='bbox 1528 532 1672 584; x_wconf 86' lang='lat' dir='ltr'><strong>tum</strong></span> <span class='ocrx_word' id='word_1_34' title='bbox 1700 535 1833 682; x_wconf 51' lang='lat' dir='ltr'><strong>eigo</strong></span> <span class='ocrx_word' id='word_1_35' title='bbox 1861 534 1931 585; x_wconf 86' lang='lat' dir='ltr'><strong>te</strong></span> 
     </span>
     <span class='ocr_line' id='line_1_6' title="bbox 235 608 1935 711; baseline -0.002 -25"><span class='ocrx_word' id='word_1_36' title='bbox 235 610 536 699; x_wconf 88' lang='lat' dir='ltr'>docebo,</span> <span class='ocrx_word' id='word_1_37' title='bbox 577 614 697 711; x_wconf 88' lang='lat' dir='ltr'><strong>qui</strong></span> <span class='ocrx_word' id='word_1_38' title='bbox 731 612 981 685; x_wconf 79' lang='lat' dir='ltr'><strong>mulier</strong></span> <span class='ocrx_word' id='word_1_39' title='bbox 1016 613 1456 710; x_wconf 81' lang='lat' dir='ltr'><strong>ante-nuptias</strong></span> <span class='ocrx_word' id='word_1_40' title='bbox 1487 608 1693 684; x_wconf 85' lang='lat' dir='ltr'>adhuc</span> <span class='ocrx_word' id='word_1_41' title='bbox 1752 633 1935 708; x_wconf 90' lang='lat' dir='ltr'>pon-</span> 
     </span>
     <span class='ocr_line' id='line_1_7' title="bbox 234 707 1086 809; baseline 0 -27"><span class='ocrx_word' id='word_1_42' title='bbox 234 711 306 782; x_wconf 86' lang='lat' dir='ltr'><strong>so</strong></span> <span class='ocrx_word' id='word_1_43' title='bbox 344 730 411 783; x_wconf 86' lang='lat' dir='ltr'><strong>te</strong></span> <span class='ocrx_word' id='word_1_44' title='bbox 444 707 678 808; x_wconf 83' lang='lat' dir='ltr'>probes</span> <span class='ocrx_word' id='word_1_45' title='bbox 707 709 1086 809; x_wconf 52' lang='lat' dir='ltr'><strong>virginemoe</strong></span> 
     </span>
    </p>
   </div>
   <div class='ocr_carea' id='block_1_3' title="bbox 236 897 1945 1337">
    <p class='ocr_par' dir='ltr' id='par_1_3' title="bbox 236 897 1945 1337">
     <span class='ocr_line' id='line_1_8' title="bbox 236 897 1945 978; baseline -0.001 -2"><span class='ocrx_word' id='word_1_46' title='bbox 236 898 976 977; x_wconf 80' lang='lat' dir='ltr'><em>PISCATOR</em></span> <span class='ocrx_word' id='word_1_47' title='bbox 1091 897 1766 978; x_wconf 74' lang='lat' dir='ltr'><em>ROGATUS</em></span> <span class='ocrx_word' id='word_1_48' title='bbox 1862 901 1945 974; x_wconf 82' lang='lat' dir='ltr'><em>A</em></span> 
     </span>
     <span class='ocr_line' id='line_1_9' title="bbox 379 1011 1915 1116; baseline -0.001 -28"><span class='ocrx_word' id='word_1_49' title='bbox 379 1016 628 1113; x_wconf 81' lang='lat' dir='ltr'><strong>virgine</strong></span> <span class='ocrx_word' id='word_1_50' title='bbox 657 1011 854 1114; x_wconf 84' lang='lat' dir='ltr'><strong>suam</strong></span> <span class='ocrx_word' id='word_1_51' title='bbox 899 1016 1134 1116; x_wconf 85' lang='lat' dir='ltr'><em>vestem</em></span> <span class='ocrx_word' id='word_1_52' title='bbox 1184 1017 1287 1092; x_wconf 82' lang='lat' dir='ltr'><strong>uti</strong></span> <span class='ocrx_word' id='word_1_53' title='bbox 1324 1013 1584 1114; x_wconf 67' lang='lat' dir='ltr'><strong>servet,</strong></span> <span class='ocrx_word' id='word_1_54' title='bbox 1637 1013 1792 1087; x_wconf 83' lang='lat' dir='ltr'><strong>dum</strong></span> <span class='ocrx_word' id='word_1_55' title='bbox 1908 1015 1915 1024; x_wconf 83' lang='lat'>&#39;</span> 
     </span>
     <span class='ocr_line' id='line_1_10' title="bbox 513 1129 1651 1226; baseline -0.004 -23"><span class='ocrx_word' id='word_1_56' title='bbox 513 1130 808 1203; x_wconf 83' lang='lat' dir='ltr'><em>abluitur</em></span> <span class='ocrx_word' id='word_1_57' title='bbox 828 1133 1060 1215; x_wconf 80' lang='lat' dir='ltr'><strong>mari,</strong></span> <span class='ocrx_word' id='word_1_58' title='bbox 1106 1129 1471 1226; x_wconf 82' lang='lat' dir='ltr'><strong>nudamque</strong></span> <span class='ocrx_word' id='word_1_59' title='bbox 1505 1148 1651 1202; x_wconf 81' lang='lat' dir='ltr'><strong>eam</strong></span> 
     </span>
     <span class='ocr_line' id='line_1_11' title="bbox 652 1241 1489 1337; baseline 0.001 -24"><span class='ocrx_word' id='word_1_60' title='bbox 652 1244 908 1337; x_wconf 85' lang='lat' dir='ltr'><strong>penitus</strong></span> <span class='ocrx_word' id='word_1_61' title='bbox 953 1245 1209 1319; x_wconf 83' lang='lat' dir='ltr'><strong>videns.</strong></span> <span class='ocrx_word' id='word_1_62' title='bbox 1273 1241 1489 1318; x_wconf 92' lang='lat' dir='ltr'><em>VII.</em></span> 
     </span>
    </p>
   </div>
   <div class='ocr_carea' id='block_1_4' title="bbox 503 1411 1658 1503">
    <p class='ocr_par' dir='ltr' id='par_1_4' title="bbox 503 1411 1658 1503">
     <span class='ocr_line' id='line_1_12' title="bbox 503 1411 1658 1503; baseline 0.002 -19"><span class='ocrx_word' id='word_1_63' title='bbox 503 1411 1090 1491; x_wconf 57' lang='lat' dir='ltr'><strong>&#39;Cara-riou</strong></span> <span class='ocrx_word' id='word_1_64' title='bbox 1166 1415 1658 1503; x_wconf 59' lang='lat' dir='ltr'><strong>Dici-Yi-</strong></span> 
     </span>
    </p>
   </div>
   <div class='ocr_carea' id='block_1_5' title="bbox 237 1519 1941 1721">
    <p class='ocr_par' dir='ltr' id='par_1_5' title="bbox 237 1519 1941 1721">
     <span class='ocr_line' id='line_1_13' title="bbox 237 1519 1941 1721; baseline -0.004 -40"><span class='ocrx_word' id='word_1_65' title='bbox 237 1519 426 1721; x_wconf 89' lang='lat' dir='ltr'>D</span> <span class='ocrx_word' id='word_1_66' title='bbox 452 1627 504 1678; x_wconf 81' lang='grc' dir='ltr'><em>υ</em></span> <span class='ocrx_word' id='word_1_67' title='bbox 523 1629 586 1680; x_wconf 83' lang='grc' dir='ltr'><strong>Μ</strong></span> <span class='ocrx_word' id='word_1_68' title='bbox 634 1605 715 1682; x_wconf 85' lang='lat' dir='ltr'><strong>ad</strong></span> <span class='ocrx_word' id='word_1_69' title='bbox 764 1608 916 1680; x_wconf 87' lang='lat' dir='ltr'><strong>litus</strong></span> <span class='ocrx_word' id='word_1_70' title='bbox 953 1612 1030 1686; x_wconf 86' lang='lat' dir='ltr'><strong>in</strong></span> <span class='ocrx_word' id='word_1_71' title='bbox 1060 1605 1338 1708; x_wconf 78' lang='lat' dir='ltr'>stopulo</span> <span class='ocrx_word' id='word_1_72' title='bbox 1372 1605 1653 1694; x_wconf 82' lang='lat' dir='ltr'><strong>molior,</strong></span> <span class='ocrx_word' id='word_1_73' title='bbox 1692 1602 1941 1679; x_wconf 76' lang='lat' dir='ltr'><strong>haeren·</strong></span> 
     </span>
    </p>
   </div>
   <div class='ocr_carea' id='block_1_6' title="bbox 1755 1721 1927 1775">
    <p class='ocr_par' dir='ltr' id='par_1_6' title="bbox 1755 1721 1927 1775">
     <span class='ocr_line' id='line_1_14' title="bbox 1755 1721 1927 1775; baseline 0.012 -2"><span class='ocrx_word' id='word_1_74' title='bbox 1755 1721 1927 1775; x_wconf 73' lang='lat' dir='ltr'><strong>tem*</strong></span> 
     </span>
    </p>
   </div>
   <div class='ocr_carea' id='block_1_7' title="bbox 1126 1861 1949 2165">
    <p class='ocr_par' dir='ltr' id='par_1_7' title="bbox 1126 1861 1949 2165">
     <span class='ocr_line' id='line_1_15' title="bbox 1128 1861 1941 1929; baseline -0.009 0"><span class='ocrx_word' id='word_1_75' title='bbox 1128 1882 1291 1929; x_wconf 80' lang='lat' dir='ltr'>aevo.</span> <span class='ocrx_word' id='word_1_76' title='bbox 1356 1864 1587 1927; x_wconf 77' lang='lat' dir='ltr'>Seneca</span> <span class='ocrx_word' id='word_1_77' title='bbox 1629 1861 1941 1923; x_wconf 83' lang='lat' dir='ltr'><strong>Consolat.</strong></span> 
     </span>
     <span class='ocr_line' id='line_1_16' title="bbox 1126 1935 1949 2023; baseline -0.011 -20"><span class='ocrx_word' id='word_1_78' title='bbox 1126 1942 1205 2003; x_wconf 85' lang='lat' dir='ltr'><strong>ad</strong></span> <span class='ocrx_word' id='word_1_79' title='bbox 1262 1939 1525 2006; x_wconf 86' lang='lat' dir='ltr'><strong>Albiam.</strong></span> <span class='ocrx_word' id='word_1_80' title='bbox 1593 1935 1949 2023; x_wconf 74' lang='lat' dir='ltr'>Plutarchus</span> 
     </span>
     <span class='ocr_line' id='line_1_17' title="bbox 1126 2009 1945 2078; baseline -0.005 -1"><span class='ocrx_word' id='word_1_81' title='bbox 1126 2018 1193 2077; x_wconf 90' lang='lat' dir='ltr'><strong>in</strong></span> <span class='ocrx_word' id='word_1_82' title='bbox 1250 2009 1554 2078; x_wconf 78' lang='lat' dir='ltr'><strong>Antonio·</strong></span> <span class='ocrx_word' id='word_1_83' title='bbox 1628 2012 1945 2075; x_wconf 80' lang='lat' dir='ltr'><strong>Martiahs.</strong></span> 
     </span>
     <span class='ocr_line' id='line_1_18' title="bbox 1132 2088 1945 2165; baseline -0.01 -13"><span class='ocrx_word' id='word_1_84' title='bbox 1132 2092 1406 2152; x_wconf 77' lang='lat' dir='ltr'><strong>Tacitus,</strong></span> <span class='ocrx_word' id='word_1_85' title='bbox 1430 2088 1808 2165; x_wconf 77' lang='lat' dir='ltr'><strong>Papinianus·</strong></span> <span class='ocrx_word' id='word_1_86' title='bbox 1850 2088 1945 2145; x_wconf 91' lang='lat' dir='ltr'><strong>U-</strong></span> 
     </span>
    </p>
   </div>
   <div class='ocr_carea' id='block_1_8' title="bbox 243 1860 1064 2164">
    <p class='ocr_par' dir='ltr' id='par_1_8' title="bbox 243 1860 1064 2164">
     <span class='ocr_line' id='line_1_19' title="bbox 243 1860 1064 1941; baseline 0.009 -19"><span class='ocrx_word' id='word_1_87' title='bbox 243 1860 418 1941; x_wconf 87' lang='lat' dir='ltr'><strong>quod</strong></span> <span class='ocrx_word' id='word_1_88' title='bbox 481 1860 592 1924; x_wconf 83' lang='lat' dir='ltr'><strong>dos</strong></span> <span class='ocrx_word' id='word_1_89' title='bbox 661 1863 818 1928; x_wconf 65' lang='lat' dir='ltr'><strong>dieta</strong></span> <span class='ocrx_word' id='word_1_90' title='bbox 849 1878 882 1937; x_wconf 82' lang='lat'><strong>‚&#39;</strong></span> <span class='ocrx_word' id='word_1_91' title='bbox 922 1883 1064 1929; x_wconf 88' lang='lat' dir='ltr'>non·</span> 
     </span>
     <span class='ocr_line' id='line_1_20' title="bbox 284 1938 1053 2004; baseline 0.009 -7"><span class='ocrx_word' id='word_1_92' title='bbox 284 1938 409 1999; x_wconf 91' lang='lat' dir='ltr'><strong>uod</strong></span> <span class='ocrx_word' id='word_1_93' title='bbox 447 1938 646 2001; x_wconf 85' lang='lat' dir='ltr'><strong>decies</strong></span> <span class='ocrx_word' id='word_1_94' title='bbox 677 1955 933 2004; x_wconf 84' lang='lat' dir='ltr'><strong>centena</strong></span> <span class='ocrx_word' id='word_1_95' title='bbox 963 1942 1053 2004; x_wconf 90' lang='lat' dir='ltr'><strong>di-</strong></span> 
     </span>
     <span class='ocr_line' id='line_1_21' title="bbox 308 2014 1053 2100; baseline 0.004 -25"><span class='ocrx_word' id='word_1_96' title='bbox 308 2033 341 2075; x_wconf 81' lang='lat' dir='ltr'>a</span> <span class='ocrx_word' id='word_1_97' title='bbox 369 2014 538 2100; x_wconf 69' lang='lat' dir='ltr'><strong>doti;</strong></span> <span class='ocrx_word' id='word_1_98' title='bbox 581 2033 723 2093; x_wconf 84' lang='lat' dir='ltr'><strong>quae</strong></span> <span class='ocrx_word' id='word_1_99' title='bbox 749 2034 865 2076; x_wconf 86' lang='lat' dir='ltr'><strong>nec</strong></span> <span class='ocrx_word' id='word_1_100' title='bbox 891 2018 1053 2077; x_wconf 87' lang='lat' dir='ltr'>sum-</span> 
     </span>
     <span class='ocr_line' id='line_1_22' title="bbox 245 2090 1053 2164; baseline 0.006 -17"><span class='ocrx_word' id='word_1_101' title='bbox 245 2090 428 2149; x_wconf 86' lang='lat' dir='ltr'>male</span> <span class='ocrx_word' id='word_1_102' title='bbox 470 2090 640 2151; x_wconf 78' lang='lat' dir='ltr'><strong>itima</strong></span> <span class='ocrx_word' id='word_1_103' title='bbox 671 2092 732 2150; x_wconf 88' lang='lat'>&amp;</span> <span class='ocrx_word' id='word_1_104' title='bbox 757 2092 1053 2164; x_wconf 72' lang='lat' dir='ltr'><strong>solennis,</strong></span> 
     </span>
    </p>
   </div>
   <div class='ocr_carea' id='block_1_9' title="bbox 241 2163 1062 2849">
    <p class='ocr_par' dir='ltr' id='par_1_9' title="bbox 241 2163 1057 2371">
     <span class='ocr_line' id='line_1_23' title="bbox 245 2163 1052 2233; baseline 0.004 -11"><span class='ocrx_word' id='word_1_105' title='bbox 245 2174 317 2222; x_wconf 88' lang='lat' dir='ltr'><strong>ut</strong></span> <span class='ocrx_word' id='word_1_106' title='bbox 369 2165 432 2223; x_wconf 84' lang='lat' dir='ltr'><strong>vi</strong></span> <span class='ocrx_word' id='word_1_107' title='bbox 477 2174 610 2222; x_wconf 82' lang='lat' dir='ltr'><strong>etur</strong></span> <span class='ocrx_word' id='word_1_108' title='bbox 649 2163 784 2224; x_wconf 85' lang='lat' dir='ltr'><strong>viro</strong></span> <span class='ocrx_word' id='word_1_109' title='bbox 829 2163 1052 2233; x_wconf 63' lang='lat' dir='ltr'><strong>deam</strong></span> 
     </span>
     <span class='ocr_line' id='line_1_24' title="bbox 241 2235 1057 2371; baseline 0.004 -72"><span class='ocrx_word' id='word_1_110' title='bbox 241 2237 477 2371; x_wconf 63' lang='grc' dir='ltr'><strong>3110ἳυὶ</strong></span> <span class='ocrx_word' id='word_1_111' title='bbox 537 2235 742 2297; x_wconf 86' lang='lat' dir='ltr'>frustra</span> <span class='ocrx_word' id='word_1_112' title='bbox 787 2238 899 2299; x_wconf 89' lang='lat' dir='ltr'><strong>fint</strong></span> <span class='ocrx_word' id='word_1_113' title='bbox 945 2240 974 2314; x_wconf 91' lang='lat' dir='ltr'>J</span> <span class='ocrx_word' id='word_1_114' title='bbox 984 2243 1057 2302; x_wconf 90' lang='lat' dir='ltr'><strong>C.</strong></span> 
     </span>
    </p>

    <p class='ocr_par' dir='ltr' id='par_1_10' title="bbox 289 2312 1059 2377">
     <span class='ocr_line' id='line_1_25' title="bbox 289 2312 1059 2377; baseline 0.003 -2"><span class='ocrx_word' id='word_1_115' title='bbox 289 2315 352 2375; x_wconf 84' lang='lat' dir='ltr'><strong>m·</strong></span> <span class='ocrx_word' id='word_1_116' title='bbox 409 2312 696 2374; x_wconf 84' lang='lat' dir='ltr'><strong>acultates</strong></span> <span class='ocrx_word' id='word_1_117' title='bbox 712 2330 783 2373; x_wconf 83' lang='lat' dir='ltr'><strong>ex</strong></span> <span class='ocrx_word' id='word_1_118' title='bbox 830 2315 1059 2377; x_wconf 88' lang='lat' dir='ltr'><strong>endunt</strong></span> 
     </span>
    </p>

    <p class='ocr_par' dir='ltr' id='par_1_11' title="bbox 243 2387 1062 2849">
     <span class='ocr_line' id='line_1_26' title="bbox 289 2387 1058 2465; baseline 0.004 -16"><span class='ocrx_word' id='word_1_119' title='bbox 289 2392 380 2451; x_wconf 90' lang='lat' dir='ltr'><strong>oti</strong></span> <span class='ocrx_word' id='word_1_120' title='bbox 420 2387 738 2458; x_wconf 87' lang='lat' dir='ltr'><strong>dicendae,</strong></span> <span class='ocrx_word' id='word_1_121' title='bbox 799 2408 822 2449; x_wconf 87' lang='lat'>1</span> <span class='ocrx_word' id='word_1_122' title='bbox 849 2392 1058 2465; x_wconf 82' lang='lat' dir='ltr'>agnos·—</span> 
     </span>
     <span class='ocr_line' id='line_1_27' title="bbox 248 2464 1062 2539; baseline 0.006 -16"><span class='ocrx_word' id='word_1_123' title='bbox 248 2466 436 2527; x_wconf 88' lang='lat' dir='ltr'><strong>cimus</strong></span> <span class='ocrx_word' id='word_1_124' title='bbox 492 2464 828 2539; x_wconf 81' lang='lat' dir='ltr'><strong>legitimam</strong></span> <span class='ocrx_word' id='word_1_125' title='bbox 902 2466 1062 2528; x_wconf 87' lang='lat' dir='ltr'><strong>dotis</strong></span> 
     </span>
     <span class='ocr_line' id='line_1_28' title="bbox 243 2540 1056 2617; baseline 0.001 -17"><span class='ocrx_word' id='word_1_126' title='bbox 243 2543 636 2617; x_wconf 85' lang='lat' dir='ltr'><strong>quantitatem</strong></span> <span class='ocrx_word' id='word_1_127' title='bbox 656 2584 676 2610; x_wconf 93' lang='lat'><strong><em>,</em></strong></span> <span class='ocrx_word' id='word_1_128' title='bbox 700 2556 825 2601; x_wconf 88' lang='lat' dir='ltr'><strong>non</strong></span> <span class='ocrx_word' id='word_1_129' title='bbox 841 2540 1056 2603; x_wconf 88' lang='lat' dir='ltr'><strong>discre-</strong></span> 
     </span>
     <span class='ocr_line' id='line_1_29' title="bbox 245 2614 1053 2689; baseline 0.007 -14"><span class='ocrx_word' id='word_1_130' title='bbox 245 2618 320 2675; x_wconf 89' lang='lat' dir='ltr'><strong>tis</strong></span> <span class='ocrx_word' id='word_1_131' title='bbox 363 2615 744 2686; x_wconf 87' lang='lat' dir='ltr'><strong>conditione,</strong></span> <span class='ocrx_word' id='word_1_132' title='bbox 781 2614 1053 2689; x_wconf 77' lang='lat' dir='ltr'><strong>familia,</strong></span> 
     </span>
     <span class='ocr_line' id='line_1_30' title="bbox 245 2690 1053 2768; baseline 0.006 -19"><span class='ocrx_word' id='word_1_133' title='bbox 245 2690 569 2751; x_wconf 82' lang='lat' dir='ltr'><strong>natalibus:</strong></span> <span class='ocrx_word' id='word_1_134' title='bbox 618 2708 814 2768; x_wconf 80' lang='lat' dir='ltr'>neque</span> <span class='ocrx_word' id='word_1_135' title='bbox 839 2693 1053 2766; x_wconf 88' lang='lat' dir='ltr'>rursus,</span> 
     </span>
     <span class='ocr_line' id='line_1_31' title="bbox 245 2765 1048 2849; baseline 0.006 -23"><span class='ocrx_word' id='word_1_136' title='bbox 245 2765 418 2849; x_wconf 91' lang='lat' dir='ltr'><strong>quod</strong></span> <span class='ocrx_word' id='word_1_137' title='bbox 455 2765 622 2827; x_wconf 81' lang='lat' dir='ltr'><strong>alteri</strong></span> <span class='ocrx_word' id='word_1_138' title='bbox 665 2766 797 2825; x_wconf 87' lang='lat' dir='ltr'><strong>viro</strong></span> <span class='ocrx_word' id='word_1_139' title='bbox 826 2786 1048 2844; x_wconf 85' lang='lat' dir='ltr'><strong>magno</strong></span> 
     </span>
    </p>
   </div>
   <div class='ocr_carea' id='block_1_10' title="bbox 246 2842 1070 2919">
    <p class='ocr_par' dir='ltr' id='par_1_12' title="bbox 246 2842 1070 2919">
     <span class='ocr_line' id='line_1_32' title="bbox 246 2842 1070 2919; baseline 0.008 -18"><span class='ocrx_word' id='word_1_140' title='bbox 246 2844 476 2919; x_wconf 84' lang='lat' dir='ltr'><strong>placet,</strong></span> <span class='ocrx_word' id='word_1_141' title='bbox 515 2842 746 2902; x_wconf 87' lang='lat' dir='ltr'>summa</span> <span class='ocrx_word' id='word_1_142' title='bbox 792 2860 858 2907; x_wconf 88' lang='lat' dir='ltr'><strong>ea</strong></span> <span class='ocrx_word' id='word_1_143' title='bbox 891 2844 1070 2909; x_wconf 81' lang='lat' dir='ltr'><strong>dotis,</strong></span> 
     </span>
    </p>
   </div>
   <div class='ocr_carea' id='block_1_11' title="bbox 186 2916 1054 3225">
    <p class='ocr_par' dir='ltr' id='par_1_13' title="bbox 186 2916 1054 3225">
     <span class='ocr_line' id='line_1_33' title="bbox 247 2916 1044 2994; baseline 0.003 -18"><span class='ocrx_word' id='word_1_144' title='bbox 247 2920 533 2979; x_wconf 84' lang='lat' dir='ltr'><strong>maximae</strong></span> <span class='ocrx_word' id='word_1_145' title='bbox 589 2916 774 2994; x_wconf 83' lang='lat' dir='ltr'><strong>prisca</strong></span> <span class='ocrx_word' id='word_1_146' title='bbox 826 2931 1044 2989; x_wconf 86' lang='lat' dir='ltr'><strong>aetate;</strong></span> 
     </span>
     <span class='ocr_line' id='line_1_34' title="bbox 243 2994 1052 3055; baseline 0 0"><span class='ocrx_word' id='word_1_147' title='bbox 243 2994 442 3055; x_wconf 86' lang='lat' dir='ltr'><strong>immo</strong></span> <span class='ocrx_word' id='word_1_148' title='bbox 489 2994 753 3054; x_wconf 85' lang='lat' dir='ltr'><strong>maxima</strong></span> <span class='ocrx_word' id='word_1_149' title='bbox 798 3013 865 3054; x_wconf 85' lang='lat' dir='ltr'><strong>ea</strong></span> <span class='ocrx_word' id='word_1_150' title='bbox 895 2996 1052 3055; x_wconf 87' lang='lat' dir='ltr'>sum-</span> 
     </span>
     <span class='ocr_line' id='line_1_35' title="bbox 186 3068 1054 3141; baseline 0.001 -13"><span class='ocrx_word' id='word_1_151' title='bbox 186 3090 192 3097; x_wconf 93' lang='lat'><em>·</em></span> <span class='ocrx_word' id='word_1_152' title='bbox 253 3086 352 3131; x_wconf 87' lang='lat' dir='ltr'><strong>ma</strong></span> <span class='ocrx_word' id='word_1_153' title='bbox 381 3068 562 3131; x_wconf 85' lang='lat' dir='ltr'><strong>etiam</strong></span> <span class='ocrx_word' id='word_1_154' title='bbox 591 3068 842 3141; x_wconf 88' lang='lat' dir='ltr'>Augusti</span> <span class='ocrx_word' id='word_1_155' title='bbox 873 3074 934 3131; x_wconf 65' lang='grc' dir='ltr'><strong>ὃς</strong></span> <span class='ocrx_word' id='word_1_156' title='bbox 963 3069 1054 3129; x_wconf 81' lang='lat' dir='ltr'><strong>se-</strong></span> 
     </span>
     <span class='ocr_line' id='line_1_36' title="bbox 249 3144 1054 3225; baseline -0.002 -20"><span class='ocrx_word' id='word_1_157' title='bbox 249 3145 573 3225; x_wconf 77' lang='lat' dir='ltr'><strong>quentium</strong></span> <span class='ocrx_word' id='word_1_158' title='bbox 613 3144 1054 3217; x_wconf 78' lang='lat' dir='ltr'>Imperatorum</span> 
     </span>
    </p>
   </div>
   <div class='ocr_carea' id='block_1_12' title="bbox 1124 2160 1945 3293">
    <p class='ocr_par' dir='ltr' id='par_1_14' title="bbox 1127 2160 1945 2679">
     <span class='ocr_line' id='line_1_37' title="bbox 1127 2160 1945 2242; baseline -0.006 -17"><span class='ocrx_word' id='word_1_159' title='bbox 1127 2165 1331 2242; x_wconf 75' lang='lat' dir='ltr'><strong>trique</strong></span> <span class='ocrx_word' id='word_1_160' title='bbox 1373 2164 1589 2223; x_wconf 88' lang='lat' dir='ltr'><strong>erroris</strong></span> <span class='ocrx_word' id='word_1_161' title='bbox 1630 2160 1822 2223; x_wconf 80' lang='lat' dir='ltr'>cauffa</span> <span class='ocrx_word' id='word_1_162' title='bbox 1869 2178 1945 2221; x_wconf 85' lang='lat' dir='ltr'><strong>ex</strong></span> 
     </span>
     <span class='ocr_line' id='line_1_38' title="bbox 1134 2238 1945 2315; baseline -0.001 -17"><span class='ocrx_word' id='word_1_163' title='bbox 1134 2239 1257 2299; x_wconf 84' lang='lat' dir='ltr'><strong>illis</strong></span> <span class='ocrx_word' id='word_1_164' title='bbox 1287 2238 1480 2300; x_wconf 86' lang='lat' dir='ltr'><strong>verbis</strong></span> <span class='ocrx_word' id='word_1_165' title='bbox 1496 2281 1515 2309; x_wconf 93' lang='lat'><strong>,</strong></span> <span class='ocrx_word' id='word_1_166' title='bbox 1552 2238 1670 2299; x_wconf 81' lang='lat' dir='ltr'><strong>ritu</strong></span> <span class='ocrx_word' id='word_1_167' title='bbox 1696 2238 1945 2315; x_wconf 81' lang='lat' dir='ltr'><strong>antiquo,</strong></span> 
     </span>
     <span class='ocr_line' id='line_1_39' title="bbox 1136 2313 1944 2390; baseline -0.002 -15"><span class='ocrx_word' id='word_1_168' title='bbox 1136 2332 1317 2390; x_wconf 85' lang='lat' dir='ltr'>quae,</span> <span class='ocrx_word' id='word_1_169' title='bbox 1356 2326 1424 2375; x_wconf 91' lang='lat' dir='ltr'><strong>ut</strong></span> <span class='ocrx_word' id='word_1_170' title='bbox 1452 2313 1614 2384; x_wconf 85' lang='lat' dir='ltr'><strong>dixi,</strong></span> <span class='ocrx_word' id='word_1_171' title='bbox 1654 2314 1809 2381; x_wconf 81' lang='lat' dir='ltr'>bene</span> <span class='ocrx_word' id='word_1_172' title='bbox 1838 2331 1944 2373; x_wconf 82' lang='lat' dir='ltr'><strong>ex-</strong></span> 
     </span>
     <span class='ocr_line' id='line_1_40' title="bbox 1132 2387 1941 2465; baseline -0.001 -16"><span class='ocrx_word' id='word_1_173' title='bbox 1132 2388 1360 2465; x_wconf 83' lang='lat' dir='ltr'><strong>plicant</strong></span> <span class='ocrx_word' id='word_1_174' title='bbox 1408 2387 1633 2451; x_wconf 85' lang='lat' dir='ltr'>Gloffae</span> <span class='ocrx_word' id='word_1_175' title='bbox 1665 2400 1941 2459; x_wconf 75' lang='lat' dir='ltr'><strong>vetereS,</strong></span> 
     </span>
     <span class='ocr_line' id='line_1_41' title="bbox 1136 2463 1945 2543; baseline -0.004 -17"><span class='ocrx_word' id='word_1_176' title='bbox 1136 2482 1283 2543; x_wconf 79' lang='lat' dir='ltr'>quas</span> <span class='ocrx_word' id='word_1_177' title='bbox 1328 2466 1513 2526; x_wconf 88' lang='lat' dir='ltr'><strong>edidit</strong></span> <span class='ocrx_word' id='word_1_178' title='bbox 1556 2465 1619 2525; x_wconf 93' lang='lat' dir='ltr'><strong>P.</strong></span> <span class='ocrx_word' id='word_1_179' title='bbox 1674 2463 1945 2525; x_wconf 80' lang='lat' dir='ltr'><strong>Pithoeus</strong></span> 
     </span>
     <span class='ocr_line' id='line_1_42' title="bbox 1128 2540 1944 2611; baseline -0.006 -7"><span class='ocrx_word' id='word_1_180' title='bbox 1128 2541 1225 2604; x_wconf 82' lang='lat' dir='ltr'><strong>vir</strong></span> <span class='ocrx_word' id='word_1_181' title='bbox 1252 2540 1615 2609; x_wconf 75' lang='lat' dir='ltr'><strong>dofflffimus</strong></span> <span class='ocrx_word' id='word_1_182' title='bbox 1637 2582 1657 2611; x_wconf 88' lang='lat'><strong>,</strong></span> <span class='ocrx_word' id='word_1_183' title='bbox 1692 2542 1754 2601; x_wconf 70' lang='grc' dir='ltr'><strong>δε</strong></span> <span class='ocrx_word' id='word_1_184' title='bbox 1772 2553 1944 2601; x_wconf 80' lang='lat' dir='ltr'>natus</span> 
     </span>
     <span class='ocr_line' id='line_1_43' title="bbox 1129 2616 1896 2679; baseline -0.005 -2"><span class='ocrx_word' id='word_1_185' title='bbox 1129 2616 1293 2678; x_wconf 87' lang='lat' dir='ltr'>bono</span> <span class='ocrx_word' id='word_1_186' title='bbox 1320 2617 1648 2679; x_wconf 86' lang='lat' dir='ltr'><strong>literarum.</strong></span> <span class='ocrx_word' id='word_1_187' title='bbox 1667 2616 1896 2674; x_wconf 63' lang='lat' dir='ltr'><strong>Mane.</strong></span> 
     </span>
    </p>

    <p class='ocr_par' dir='ltr' id='par_1_15' title="bbox 1124 2687 1943 3053">
     <span class='ocr_line' id='line_1_44' title="bbox 1200 2687 1941 2767; baseline -0.007 -16"><span class='ocrx_word' id='word_1_188' title='bbox 1200 2688 1409 2758; x_wconf 59' lang='grc' dir='ltr'><strong>ὃεῆθιτσ</strong></span> <span class='ocrx_word' id='word_1_189' title='bbox 1469 2687 1675 2767; x_wconf 67' lang='grc' dir='ltr'><strong>πατρὶ]</strong></span> <span class='ocrx_word' id='word_1_190' title='bbox 1738 2690 1941 2749; x_wconf 84' lang='lat' dir='ltr'><strong>Scribe</strong></span> 
     </span>
     <span class='ocr_line' id='line_1_45' title="bbox 1128 2763 1943 2845; baseline -0.004 -18"><span class='ocrx_word' id='word_1_191' title='bbox 1128 2764 1367 2834; x_wconf 61' lang='grc' dir='ltr'><strong>δεηθῆτήυ</strong></span> <span class='ocrx_word' id='word_1_192' title='bbox 1456 2763 1630 2845; x_wconf 66' lang='grc' dir='ltr'><strong>πατρὶ</strong></span> <span class='ocrx_word' id='word_1_193' title='bbox 1659 2784 1675 2823; x_wconf 75' lang='lat'>2</span> <span class='ocrx_word' id='word_1_194' title='bbox 1752 2765 1943 2827; x_wconf 65' lang='lat' dir='ltr'>Reste</span> 
     </span>
     <span class='ocr_line' id='line_1_46' title="bbox 1127 2840 1938 2929; baseline 0 -28"><span class='ocrx_word' id='word_1_195' title='bbox 1127 2842 1461 2921; x_wconf 74' lang='lat' dir='ltr'><strong>InterpreS,</strong></span> <span class='ocrx_word' id='word_1_196' title='bbox 1502 2840 1743 2927; x_wconf 56' lang='lat' dir='ltr'><strong>nycmmis</strong></span> <span class='ocrx_word' id='word_1_197' title='bbox 1768 2843 1828 2900; x_wconf 82' lang='lat' dir='ltr'><strong>in</strong></span> <span class='ocrx_word' id='word_1_198' title='bbox 1842 2841 1938 2929; x_wconf 49' lang='lat' dir='ltr'><strong>do·-</strong></span> 
     </span>
     <span class='ocr_line' id='line_1_47' title="bbox 1126 2930 1939 2996; baseline -0.001 -20"><span class='ocrx_word' id='word_1_199' title='bbox 1126 2934 1237 2976; x_wconf 75' lang='lat' dir='ltr'><strong>tem</strong></span> <span class='ocrx_word' id='word_1_200' title='bbox 1279 2936 1440 2981; x_wconf 79' lang='lat' dir='ltr'><strong>tuam</strong></span> <span class='ocrx_word' id='word_1_201' title='bbox 1485 2932 1606 2996; x_wconf 77' lang='lat' dir='ltr'><strong>opus</strong></span> <span class='ocrx_word' id='word_1_202' title='bbox 1640 2932 1746 2976; x_wconf 80' lang='lat' dir='ltr'><strong>em</strong></span> <span class='ocrx_word' id='word_1_203' title='bbox 1765 2930 1939 2993; x_wconf 79' lang='lat' dir='ltr'><em>pam.</em></span> 
     </span>
     <span class='ocr_line' id='line_1_48' title="bbox 1124 2992 1679 3053; baseline -0.011 -2"><span class='ocrx_word' id='word_1_204' title='bbox 1124 2992 1342 3053; x_wconf 71' lang='lat' dir='ltr'><strong>me.</strong></span> <span class='ocrx_word' id='word_1_205' title='bbox 1670 3038 1679 3045; x_wconf 70' lang='grc'>,</span> 
     </span>
    </p>

    <p class='ocr_par' dir='ltr' id='par_1_16' title="bbox 1132 3068 1938 3205">
     <span class='ocr_line' id='line_1_49' title="bbox 1205 3068 1938 3151; baseline -0.003 -18"><span class='ocrx_word' id='word_1_206' title='bbox 1205 3068 1550 3151; x_wconf 58' lang='lat' dir='ltr'><strong>mandem]</strong></span> <span class='ocrx_word' id='word_1_207' title='bbox 1636 3074 1938 3140; x_wconf 48' lang='lat' dir='ltr'><strong>emendaru-</strong></span> 
     </span>
     <span class='ocr_line' id='line_1_50' title="bbox 1132 3144 1355 3205; baseline -0.004 -1"><span class='ocrx_word' id='word_1_208' title='bbox 1132 3144 1355 3205; x_wconf 62' lang='lat' dir='ltr'>Mune.</span> 
     </span>
    </p>

    <p class='ocr_par' dir='ltr' id='par_1_17' title="bbox 1808 3227 1937 3293">
     <span class='ocr_line' id='line_1_51' title="bbox 1808 3227 1937 3293; baseline 0.016 -17"><span class='ocrx_word' id='word_1_209' title='bbox 1808 3227 1937 3293; x_wconf 70' lang='grc' dir='ltr'><strong>βελ-</strong></span> 
     </span>
    </p>
   </div>
  </div>
 </body>
</html>
