<?xml version="1.0" encoding="UTF-8"?>
<!DOCTYPE html PUBLIC "-//W3C//DTD XHTML 1.0 Transitional//EN"
    "http://www.w3.org/TR/xhtml1/DTD/xhtml1-transitional.dtd">
<html xmlns="http://www.w3.org/1999/xhtml" xml:lang="en" lang="en">
 <head>
  <title>
</title>
<meta http-equiv="Content-Type" content="text/html;charset=utf-8" />
  <meta name='ocr-system' content='tesseract 3.04.00' />
  <meta name='ocr-capabilities' content='ocr_page ocr_carea ocr_par ocr_line ocrx_word'/>
</head>
<body>
  <div class='ocr_page' id='page_1' title='image "./epistolgrccumve00arisgoog_0283.png"; bbox 0 0 2258 3537; ppageno 0'>
   <div class='ocr_carea' id='block_1_1' title="bbox 555 105 1985 212">
    <p class='ocr_par' dir='ltr' id='par_1_1' title="bbox 555 105 1985 212">
     <span class='ocr_line' id='line_1_1' title="bbox 555 105 1985 212; baseline 0.002 -21"><span class='ocrx_word' id='word_1_1' title='bbox 555 136 925 191; x_wconf 62' lang='lat' dir='ltr'><strong>uriam.</strong></span> <span class='ocrx_word' id='word_1_2' title='bbox 1009 105 1243 188; x_wconf 63' lang='grc' dir='ltr'><strong>ἰιι</strong></span> <span class='ocrx_word' id='word_1_3' title='bbox 1322 133 1437 192; x_wconf 78' lang='lat'><strong>11.</strong></span> <span class='ocrx_word' id='word_1_4' title='bbox 1712 137 1857 212; x_wconf 69' lang='lat'><strong>²53</strong></span> <span class='ocrx_word' id='word_1_5' title='bbox 1978 123 1985 134; x_wconf 87' lang='lat'><strong><em>‘</em></strong></span> 
     </span>
    </p>
   </div>
   <div class='ocr_carea' id='block_1_2' title="bbox 181 253 1913 2103">
    <p class='ocr_par' dir='ltr' id='par_1_2' title="bbox 181 253 1913 2103">
     <span class='ocr_line' id='line_1_2' title="bbox 181 253 1859 353; baseline -0.002 -23"><span class='ocrx_word' id='word_1_6' title='bbox 181 255 458 330; x_wconf 83' lang='lat' dir='ltr'>remedii</span> <span class='ocrx_word' id='word_1_7' title='bbox 523 253 974 353; x_wconf 86' lang='lat' dir='ltr'>cognitionem</span> <span class='ocrx_word' id='word_1_8' title='bbox 1031 254 1253 324; x_wconf 87' lang='lat' dir='ltr'><strong>animo</strong></span> <span class='ocrx_word' id='word_1_9' title='bbox 1307 277 1459 325; x_wconf 86' lang='lat' dir='ltr'><strong>meo</strong></span> <span class='ocrx_word' id='word_1_10' title='bbox 1503 254 1859 346; x_wconf 82' lang='lat' dir='ltr'><strong>injicerent.</strong></span> 
     </span>
     <span class='ocr_line' id='line_1_3' title="bbox 189 342 1863 448; baseline 0.001 -22"><span class='ocrx_word' id='word_1_11' title='bbox 189 357 279 426; x_wconf 88' lang='lat' dir='ltr'><strong>Et</strong></span> <span class='ocrx_word' id='word_1_12' title='bbox 345 378 490 426; x_wconf 86' lang='lat' dir='ltr'><strong>ecce</strong></span> <span class='ocrx_word' id='word_1_13' title='bbox 533 377 611 424; x_wconf 83' lang='lat' dir='ltr'><strong>ex</strong></span> <span class='ocrx_word' id='word_1_14' title='bbox 659 342 1014 448; x_wconf 86' lang='lat' dir='ltr'><strong>improviso</strong></span> <span class='ocrx_word' id='word_1_15' title='bbox 1063 350 1396 446; x_wconf 85' lang='lat' dir='ltr'><strong>inspiravit</strong></span> <span class='ocrx_word' id='word_1_16' title='bbox 1440 351 1634 423; x_wconf 86' lang='lat' dir='ltr'><strong>Deus</strong></span> <span class='ocrx_word' id='word_1_17' title='bbox 1691 352 1863 428; x_wconf 86' lang='lat' dir='ltr'><strong>hanc</strong></span> 
     </span>
     <span class='ocr_line' id='line_1_4' title="bbox 181 445 1863 546; baseline -0.001 -21"><span class='ocrx_word' id='word_1_18' title='bbox 181 451 563 526; x_wconf 85' lang='lat' dir='ltr'><strong>sententiam</strong></span> <span class='ocrx_word' id='word_1_19' title='bbox 597 449 805 530; x_wconf 83' lang='lat' dir='ltr'><strong>menti</strong></span> <span class='ocrx_word' id='word_1_20' title='bbox 837 469 1024 522; x_wconf 82' lang='lat' dir='ltr'><strong>meae.</strong></span> <span class='ocrx_word' id='word_1_21' title='bbox 1069 449 1297 546; x_wconf 79' lang='lat' dir='ltr'><strong>itaque</strong></span> <span class='ocrx_word' id='word_1_22' title='bbox 1332 445 1617 521; x_wconf 86' lang='lat' dir='ltr'><strong>condico</strong></span> <span class='ocrx_word' id='word_1_23' title='bbox 1645 457 1863 524; x_wconf 80' lang='lat' dir='ltr'><strong>tecum</strong></span> 
     </span>
     <span class='ocr_line' id='line_1_5' title="bbox 186 543 1862 640; baseline -0.003 -17"><span class='ocrx_word' id='word_1_24' title='bbox 186 569 264 623; x_wconf 87' lang='lat' dir='ltr'><strong>ut</strong></span> <span class='ocrx_word' id='word_1_25' title='bbox 297 550 382 622; x_wconf 86' lang='lat' dir='ltr'><strong>fic</strong></span> <span class='ocrx_word' id='word_1_26' title='bbox 425 543 647 620; x_wconf 84' lang='lat' dir='ltr'><strong>facias.</strong></span> <span class='ocrx_word' id='word_1_27' title='bbox 717 549 982 618; x_wconf 81' lang='lat' dir='ltr'><strong>Servum</strong></span> <span class='ocrx_word' id='word_1_28' title='bbox 1008 565 1201 618; x_wconf 84' lang='lat' dir='ltr'><strong>tuum</strong></span> <span class='ocrx_word' id='word_1_29' title='bbox 1227 599 1250 637; x_wconf 90' lang='lat'>‚</span> <span class='ocrx_word' id='word_1_30' title='bbox 1302 546 1599 640; x_wconf 80' lang='lat' dir='ltr'><strong>Myrina,</strong></span> <span class='ocrx_word' id='word_1_31' title='bbox 1650 545 1862 619; x_wconf 86' lang='lat' dir='ltr'><strong>dorni·</strong></span> 
     </span>
     <span class='ocr_line' id='line_1_6' title="bbox 183 641 1865 742; baseline -0.001 -24"><span class='ocrx_word' id='word_1_32' title='bbox 183 673 350 719; x_wconf 88' lang='lat' dir='ltr'><strong>num</strong></span> <span class='ocrx_word' id='word_1_33' title='bbox 386 672 612 718; x_wconf 91' lang='lat' dir='ltr'><strong>meum</strong></span> <span class='ocrx_word' id='word_1_34' title='bbox 649 644 1064 728; x_wconf 84' lang='lat' dir='ltr'><strong>amatorium,</strong></span> <span class='ocrx_word' id='word_1_35' title='bbox 1101 643 1315 742; x_wconf 87' lang='lat' dir='ltr'><strong>finge,</strong></span> <span class='ocrx_word' id='word_1_36' title='bbox 1346 641 1455 713; x_wconf 88' lang='lat' dir='ltr'><strong>sed</strong></span> <span class='ocrx_word' id='word_1_37' title='bbox 1484 646 1639 715; x_wconf 84' lang='lat' dir='ltr'><strong>irata</strong></span> <span class='ocrx_word' id='word_1_38' title='bbox 1669 645 1865 718; x_wconf 87' lang='lat' dir='ltr'><strong>fimul</strong></span> 
     </span>
     <span class='ocr_line' id='line_1_7' title="bbox 187 740 1865 842; baseline -0.001 -29"><span class='ocrx_word' id='word_1_39' title='bbox 187 767 258 814; x_wconf 88' lang='lat' dir='ltr'><strong>ac</strong></span> <span class='ocrx_word' id='word_1_40' title='bbox 307 744 511 842; x_wconf 84' lang='lat' dir='ltr'><strong>plagis</strong></span> <span class='ocrx_word' id='word_1_41' title='bbox 567 765 840 814; x_wconf 87' lang='lat' dir='ltr'><strong>onerans</strong></span> <span class='ocrx_word' id='word_1_42' title='bbox 860 793 882 826; x_wconf 90' lang='lat'>‚</span> <span class='ocrx_word' id='word_1_43' title='bbox 932 741 1096 814; x_wconf 89' lang='lat' dir='ltr'><strong>velle</strong></span> <span class='ocrx_word' id='word_1_44' title='bbox 1126 760 1191 810; x_wconf 91' lang='lat' dir='ltr'><strong>te</strong></span> <span class='ocrx_word' id='word_1_45' title='bbox 1222 742 1455 832; x_wconf 84' lang='lat' dir='ltr'><strong>ejicere</strong></span> <span class='ocrx_word' id='word_1_46' title='bbox 1485 765 1566 814; x_wconf 80' lang='lat' dir='ltr'><strong>ex</strong></span> <span class='ocrx_word' id='word_1_47' title='bbox 1598 740 1865 834; x_wconf 84' lang='lat' dir='ltr'><strong>aedibus.</strong></span> 
     </span>
     <span class='ocr_line' id='line_1_8' title="bbox 188 835 1866 937; baseline -0.001 -25"><span class='ocrx_word' id='word_1_48' title='bbox 188 839 292 912; x_wconf 89' lang='lat' dir='ltr'><strong>sed</strong></span> <span class='ocrx_word' id='word_1_49' title='bbox 343 840 596 937; x_wconf 82' lang='lat' dir='ltr'><strong>parcius</strong></span> <span class='ocrx_word' id='word_1_50' title='bbox 647 863 760 933; x_wconf 83' lang='lat' dir='ltr'><strong>per</strong></span> <span class='ocrx_word' id='word_1_51' title='bbox 802 835 994 930; x_wconf 83' lang='lat' dir='ltr'><strong>deos,</strong></span> <span class='ocrx_word' id='word_1_52' title='bbox 1047 859 1122 908; x_wconf 86' lang='lat' dir='ltr'><strong>ac</strong></span> <span class='ocrx_word' id='word_1_53' title='bbox 1170 839 1381 910; x_wconf 88' lang='lat' dir='ltr'><strong>lorum</strong></span> <span class='ocrx_word' id='word_1_54' title='bbox 1414 838 1753 911; x_wconf 86' lang='lat' dir='ltr'><strong>moderans</strong></span> <span class='ocrx_word' id='word_1_55' title='bbox 1781 837 1866 910; x_wconf 86' lang='lat' dir='ltr'><strong>ad</strong></span> 
     </span>
     <span class='ocr_line' id='line_1_9' title="bbox 187 931 1866 1034; baseline -0.001 -25"><span class='ocrx_word' id='word_1_56' title='bbox 187 963 410 1010; x_wconf 88' lang='lat' dir='ltr'><strong>meum</strong></span> <span class='ocrx_word' id='word_1_57' title='bbox 455 935 854 1034; x_wconf 86' lang='lat' dir='ltr'><strong>cupidinem.</strong></span> <span class='ocrx_word' id='word_1_58' title='bbox 931 939 1026 1005; x_wconf 84' lang='lat' dir='ltr'><strong>Ita</strong></span> <span class='ocrx_word' id='word_1_59' title='bbox 1075 931 1226 1020; x_wconf 78' lang='lat' dir='ltr'><strong>fiet,</strong></span> <span class='ocrx_word' id='word_1_60' title='bbox 1269 957 1343 1005; x_wconf 92' lang='lat' dir='ltr'><strong>ut</strong></span> <span class='ocrx_word' id='word_1_61' title='bbox 1392 937 1617 1032; x_wconf 86' lang='lat' dir='ltr'><strong>pulcer</strong></span> <span class='ocrx_word' id='word_1_62' title='bbox 1644 960 1717 1007; x_wconf 87' lang='lat' dir='ltr'><strong>ac</strong></span> <span class='ocrx_word' id='word_1_63' title='bbox 1750 935 1866 1008; x_wconf 91' lang='lat' dir='ltr'><strong>be-</strong></span> 
     </span>
     <span class='ocr_line' id='line_1_10' title="bbox 186 1030 1867 1134; baseline 0 -30"><span class='ocrx_word' id='word_1_64' title='bbox 186 1054 478 1130; x_wconf 82' lang='lat' dir='ltr'><strong>nepartus</strong></span> <span class='ocrx_word' id='word_1_65' title='bbox 537 1031 752 1105; x_wconf 87' lang='lat' dir='ltr'><strong>servus</strong></span> <span class='ocrx_word' id='word_1_66' title='bbox 813 1035 1092 1104; x_wconf 89' lang='lat' dir='ltr'><strong>omnino</strong></span> <span class='ocrx_word' id='word_1_67' title='bbox 1165 1030 1244 1104; x_wconf 88' lang='lat' dir='ltr'><strong>ad</strong></span> <span class='ocrx_word' id='word_1_68' title='bbox 1309 1057 1417 1102; x_wconf 89' lang='lat' dir='ltr'><strong>me</strong></span> <span class='ocrx_word' id='word_1_69' title='bbox 1483 1031 1867 1134; x_wconf 85' lang='lat' dir='ltr'><strong>confugiat,</strong></span> 
     </span>
     <span class='ocr_line' id='line_1_11' title="bbox 238 1128 1864 1230; baseline 0.001 -30"><span class='ocrx_word' id='word_1_70' title='bbox 238 1134 432 1230; x_wconf 90' lang='lat' dir='ltr'><strong>uippe</strong></span> <span class='ocrx_word' id='word_1_71' title='bbox 490 1130 568 1202; x_wconf 86' lang='lat' dir='ltr'><strong>acl</strong></span> <span class='ocrx_word' id='word_1_72' title='bbox 614 1131 892 1201; x_wconf 86' lang='lat' dir='ltr'><strong>amicam</strong></span> <span class='ocrx_word' id='word_1_73' title='bbox 941 1128 1220 1201; x_wconf 73' lang='lat' dir='ltr'><strong>domina:</strong></span> <span class='ocrx_word' id='word_1_74' title='bbox 1257 1152 1277 1199; x_wconf 87' lang='lat'>:</span> <span class='ocrx_word' id='word_1_75' title='bbox 1328 1149 1585 1229; x_wconf 78' lang='lat' dir='ltr'><strong>egoque</strong></span> <span class='ocrx_word' id='word_1_76' title='bbox 1639 1128 1864 1203; x_wconf 90' lang='lat' dir='ltr'><strong>confe-</strong></span> 
     </span>
     <span class='ocr_line' id='line_1_12' title="bbox 187 1155 1867 1327; baseline 0 -29"><span class='ocrx_word' id='word_1_77' title='bbox 187 1155 331 1298; x_wconf 63' lang='lat' dir='ltr'><strong>iiim</strong></span> <span class='ocrx_word' id='word_1_78' title='bbox 389 1230 604 1300; x_wconf 89' lang='lat' dir='ltr'><strong>virum</strong></span> <span class='ocrx_word' id='word_1_79' title='bbox 657 1251 886 1298; x_wconf 88' lang='lat' dir='ltr'><strong>meum</strong></span> <span class='ocrx_word' id='word_1_80' title='bbox 935 1224 1014 1298; x_wconf 91' lang='lat' dir='ltr'><strong>ad</strong></span> <span class='ocrx_word' id='word_1_81' title='bbox 1064 1245 1131 1295; x_wconf 89' lang='lat' dir='ltr'><strong>te</strong></span> <span class='ocrx_word' id='word_1_82' title='bbox 1178 1223 1475 1327; x_wconf 87' lang='lat' dir='ltr'><strong>ablegem</strong></span> <span class='ocrx_word' id='word_1_83' title='bbox 1527 1251 1651 1324; x_wconf 88' lang='lat' dir='ltr'><strong>pro</strong></span> <span class='ocrx_word' id='word_1_84' title='bbox 1686 1224 1867 1300; x_wconf 85' lang='lat' dir='ltr'><strong>servo</strong></span> 
     </span>
     <span class='ocr_line' id='line_1_13' title="bbox 190 1322 1913 1422; baseline -0.001 -25"><span class='ocrx_word' id='word_1_85' title='bbox 190 1322 673 1422; x_wconf 79' lang='lat' dir='ltr'><strong>deprecaturum</strong></span> <span class='ocrx_word' id='word_1_86' title='bbox 706 1329 733 1412; x_wconf 60' lang='lat'>5</span> <span class='ocrx_word' id='word_1_87' title='bbox 787 1323 965 1420; x_wconf 78' lang='lat' dir='ltr'><strong>quasi</strong></span> <span class='ocrx_word' id='word_1_88' title='bbox 1015 1322 1321 1419; x_wconf 79' lang='lat' dir='ltr'><strong>precibus</strong></span> <span class='ocrx_word' id='word_1_89' title='bbox 1365 1322 1709 1396; x_wconf 83' lang='lat' dir='ltr'><strong>hominem</strong></span> <span class='ocrx_word' id='word_1_90' title='bbox 1740 1325 1872 1398; x_wconf 80' lang='lat' dir='ltr'><strong>‘do-</strong></span> <span class='ocrx_word' id='word_1_91' title='bbox 1910 1377 1913 1380; x_wconf 84' lang='lat'>-</span> 
     </span>
     <span class='ocr_line' id='line_1_14' title="bbox 190 1418 1874 1518; baseline 0.002 -26"><span class='ocrx_word' id='word_1_92' title='bbox 190 1445 304 1492; x_wconf 89' lang='lat' dir='ltr'><strong>mo</strong></span> <span class='ocrx_word' id='word_1_93' title='bbox 339 1421 620 1512; x_wconf 78' lang='lat' dir='ltr'><strong>ejiciens..</strong></span> <span class='ocrx_word' id='word_1_94' title='bbox 647 1418 761 1491; x_wconf 85' lang='lat' dir='ltr'><strong>Ad</strong></span> <span class='ocrx_word' id='word_1_95' title='bbox 785 1418 963 1492; x_wconf 87' lang='lat' dir='ltr'><strong>hunc</strong></span> <span class='ocrx_word' id='word_1_96' title='bbox 980 1418 1258 1513; x_wconf 69' lang='lat' dir='ltr'><strong>modum</strong></span> <span class='ocrx_word' id='word_1_97' title='bbox 1281 1442 1551 1518; x_wconf 85' lang='lat' dir='ltr'><strong>utraque</strong></span> <span class='ocrx_word' id='word_1_98' title='bbox 1570 1422 1874 1515; x_wconf 81' lang='lat' dir='ltr'><strong>cupitum</strong></span> 
     </span>
     <span class='ocr_line' id='line_1_15' title="bbox 192 1514 1877 1616; baseline 0.002 -28"><span class='ocrx_word' id='word_1_99' title='bbox 192 1539 416 1588; x_wconf 86' lang='lat' dir='ltr'><strong>tenens</strong></span> <span class='ocrx_word' id='word_1_100' title='bbox 447 1543 584 1588; x_wconf 87' lang='lat' dir='ltr'><strong>non</strong></span> <span class='ocrx_word' id='word_1_101' title='bbox 618 1517 912 1616; x_wconf 87' lang='lat' dir='ltr'><strong>negliget</strong></span> <span class='ocrx_word' id='word_1_102' title='bbox 935 1521 1187 1587; x_wconf 86' lang='lat' dir='ltr'><strong>Amore</strong></span> <span class='ocrx_word' id='word_1_103' title='bbox 1227 1514 1397 1589; x_wconf 88' lang='lat' dir='ltr'><strong>duce</strong></span> <span class='ocrx_word' id='word_1_104' title='bbox 1431 1542 1547 1614; x_wconf 87' lang='lat' dir='ltr'><strong>per</strong></span> <span class='ocrx_word' id='word_1_105' title='bbox 1570 1521 1782 1590; x_wconf 89' lang='lat' dir='ltr'><strong>otium</strong></span> <span class='ocrx_word' id='word_1_106' title='bbox 1800 1541 1877 1591; x_wconf 88' lang='lat' dir='ltr'><strong>ac</strong></span> 
     </span>
     <span class='ocr_line' id='line_1_16' title="bbox 196 1607 1876 1710; baseline 0.002 -24"><span class='ocrx_word' id='word_1_107' title='bbox 196 1614 456 1686; x_wconf 85' lang='lat' dir='ltr'><strong>facilem</strong></span> <span class='ocrx_word' id='word_1_108' title='bbox 487 1613 888 1686; x_wconf 78' lang='lat' dir='ltr'><strong>occasionem</strong></span> <span class='ocrx_word' id='word_1_109' title='bbox 917 1615 1016 1687; x_wconf 91' lang='lat' dir='ltr'><strong>uti</strong></span> <span class='ocrx_word' id='word_1_110' title='bbox 1049 1607 1349 1709; x_wconf 81' lang='lat' dir='ltr'><strong>praesenti</strong></span> <span class='ocrx_word' id='word_1_111' title='bbox 1379 1635 1687 1710; x_wconf 84' lang='lat' dir='ltr'><strong>tempore.</strong></span> <span class='ocrx_word' id='word_1_112' title='bbox 1748 1613 1876 1690; x_wconf 84' lang='lat' dir='ltr'><strong>Sed</strong></span> 
     </span>
     <span class='ocr_line' id='line_1_17' title="bbox 189 1709 1874 1808; baseline 0.002 -25"><span class='ocrx_word' id='word_1_113' title='bbox 189 1731 266 1785; x_wconf 85' lang='lat' dir='ltr'><strong>tu</strong></span> <span class='ocrx_word' id='word_1_114' title='bbox 343 1711 603 1785; x_wconf 85' lang='lat' dir='ltr'><strong>roducas</strong></span> <span class='ocrx_word' id='word_1_115' title='bbox 635 1712 888 1808; x_wconf 85' lang='lat' dir='ltr'><strong>longius</strong></span> <span class='ocrx_word' id='word_1_116' title='bbox 917 1718 1132 1783; x_wconf 74' lang='lat' dir='ltr'><strong>coitus</strong></span> <span class='ocrx_word' id='word_1_117' title='bbox 1162 1709 1617 1800; x_wconf 90' lang='lat' dir='ltr'><strong>dulcedinem,</strong></span> <span class='ocrx_word' id='word_1_118' title='bbox 1651 1709 1874 1787; x_wconf 61' lang='lat' dir='ltr'><strong>eadem</strong></span> 
     </span>
     <span class='ocr_line' id='line_1_18' title="bbox 199 1739 1875 1909; baseline 0.003 -28"><span class='ocrx_word' id='word_1_119' title='bbox 199 1739 367 1881; x_wconf 58' lang='lat' dir='ltr'><strong>milii</strong></span> <span class='ocrx_word' id='word_1_120' title='bbox 399 1831 814 1909; x_wconf 88' lang='lat' dir='ltr'><strong>prorogatura</strong></span> <span class='ocrx_word' id='word_1_121' title='bbox 843 1811 1246 1907; x_wconf 81' lang='lat' dir='ltr'><strong>voluptatem</strong></span> <span class='ocrx_word' id='word_1_122' title='bbox 1272 1808 1489 1908; x_wconf 86' lang='lat' dir='ltr'><strong>gaudii</strong></span> <span class='ocrx_word' id='word_1_123' title='bbox 1519 1811 1669 1882; x_wconf 78' lang='lat' dir='ltr'><strong>mei.</strong></span> <span class='ocrx_word' id='word_1_124' title='bbox 1736 1814 1875 1887; x_wconf 86' lang='lat' dir='ltr'><strong>Va·</strong></span> 
     </span>
     <span class='ocr_line' id='line_1_19' title="bbox 190 1902 1872 2009; baseline 0.002 -32"><span class='ocrx_word' id='word_1_125' title='bbox 190 1908 292 1992; x_wconf 87' lang='lat' dir='ltr'><strong>le,</strong></span> <span class='ocrx_word' id='word_1_126' title='bbox 347 1906 700 2006; x_wconf 78' lang='lat' dir='ltr'><strong>desineque</strong></span> <span class='ocrx_word' id='word_1_127' title='bbox 753 1906 1049 1980; x_wconf 86' lang='lat' dir='ltr'><strong>acerbum</strong></span> <span class='ocrx_word' id='word_1_128' title='bbox 1096 1902 1249 1979; x_wconf 86' lang='lat' dir='ltr'><strong>flere</strong></span> <span class='ocrx_word' id='word_1_129' title='bbox 1290 1906 1499 1981; x_wconf 84' lang='lat' dir='ltr'><strong>fatum</strong></span> <span class='ocrx_word' id='word_1_130' title='bbox 1530 1911 1872 2009; x_wconf 76' lang='lat' dir='ltr'><strong>conjugiS,</strong></span> 
     </span>
     <span class='ocr_line' id='line_1_20' title="bbox 192 2005 1632 2103; baseline 0 -28"><span class='ocrx_word' id='word_1_131' title='bbox 192 2005 476 2078; x_wconf 87' lang='lat' dir='ltr'><strong>amicum</strong></span> <span class='ocrx_word' id='word_1_132' title='bbox 528 2031 650 2103; x_wconf 84' lang='lat' dir='ltr'><strong>pro</strong></span> <span class='ocrx_word' id='word_1_133' title='bbox 687 2019 778 2075; x_wconf 85' lang='lat' dir='ltr'><strong>eo&#39;</strong></span> <span class='ocrx_word' id='word_1_134' title='bbox 804 2006 1107 2076; x_wconf 76' lang='lat' dir='ltr'><strong>maritum</strong></span> <span class='ocrx_word' id='word_1_135' title='bbox 1151 2030 1378 2077; x_wconf 88' lang='lat' dir='ltr'><strong>meum</strong></span> <span class='ocrx_word' id='word_1_136' title='bbox 1408 2007 1632 2102; x_wconf 83' lang='lat' dir='ltr'><strong>potita.</strong></span> 
     </span>
    </p>
   </div>
   <div class='ocr_carea' id='block_1_3' title="bbox 1478 2082 1869 2176">
    <p class='ocr_par' dir='ltr' id='par_1_3' title="bbox 1478 2082 1869 2176">
     <span class='ocr_line' id='line_1_21' title="bbox 1478 2082 1869 2176; baseline -0.008 0"><span class='ocrx_word' id='word_1_137' title='bbox 1478 2082 1869 2176; x_wconf 83' lang='lat' dir='ltr'><em>MERE-</em></span> 
     </span>
    </p>
   </div>
   <div class='ocr_carea' id='block_1_4' title="bbox 1079 2273 1876 2421">
    <p class='ocr_par' dir='ltr' id='par_1_4' title="bbox 1079 2273 1876 2421">
     <span class='ocr_line' id='line_1_22' title="bbox 1079 2273 1872 2349; baseline 0.001 -12"><span class='ocrx_word' id='word_1_138' title='bbox 1079 2295 1215 2349; x_wconf 74' lang='lat' dir='ltr'><strong>enS,</strong></span> <span class='ocrx_word' id='word_1_139' title='bbox 1258 2278 1431 2337; x_wconf 79' lang='lat' dir='ltr'><strong>se-ex</strong></span> <span class='ocrx_word' id='word_1_140' title='bbox 1477 2275 1593 2338; x_wconf 77' lang='lat' dir='ltr'><strong>affe</strong></span> <span class='ocrx_word' id='word_1_141' title='bbox 1633 2273 1872 2338; x_wconf 86' lang='lat' dir='ltr'><strong>servum</strong></span> 
     </span>
     <span class='ocr_line' id='line_1_23' title="bbox 1080 2352 1876 2421; baseline 0.004 -10"><span class='ocrx_word' id='word_1_142' title='bbox 1080 2352 1198 2412; x_wconf 88' lang='lat' dir='ltr'><strong>effe</strong></span> <span class='ocrx_word' id='word_1_143' title='bbox 1241 2363 1413 2412; x_wconf 88' lang='lat' dir='ltr'><strong>tuum</strong></span> <span class='ocrx_word' id='word_1_144' title='bbox 1445 2393 1464 2421; x_wconf 90' lang='lat'><strong>,</strong></span> <span class='ocrx_word' id='word_1_145' title='bbox 1521 2356 1582 2413; x_wconf 87' lang='lat'>&amp;</span> <span class='ocrx_word' id='word_1_146' title='bbox 1670 2352 1876 2414; x_wconf 80' lang='lat' dir='ltr'><strong>uidem</strong></span> 
     </span>
    </p>
   </div>
   <div class='ocr_carea' id='block_1_5' title="bbox 116 2268 1005 2424">
    <p class='ocr_par' dir='ltr' id='par_1_5' title="bbox 116 2268 1005 2424">
     <span class='ocr_line' id='line_1_24' title="bbox 208 2268 1004 2347; baseline 0.005 -14"><span class='ocrx_word' id='word_1_147' title='bbox 208 2277 286 2337; x_wconf 84' lang='lat' dir='ltr'><strong>est</strong></span> <span class='ocrx_word' id='word_1_148' title='bbox 305 2318 323 2346; x_wconf 93' lang='lat'><strong>,</strong></span> <span class='ocrx_word' id='word_1_149' title='bbox 355 2276 384 2333; x_wconf 74' lang='grc' dir='ltr'>ὅ</span> <span class='ocrx_word' id='word_1_150' title='bbox 416 2272 468 2335; x_wconf 51' lang='grc' dir='ltr'><strong>θ’</strong></span> <span class='ocrx_word' id='word_1_151' title='bbox 487 2268 568 2347; x_wconf 53' lang='grc' dir='ltr'><strong>οἷς)</strong></span> <span class='ocrx_word' id='word_1_152' title='bbox 597 2276 800 2345; x_wconf 55' lang='lat' dir='ltr'><strong>oinium</strong></span> <span class='ocrx_word' id='word_1_153' title='bbox 828 2268 1004 2347; x_wconf 54' lang='lat' dir='ltr'><strong>{insilu-</strong></span> 
     </span>
     <span class='ocr_line' id='line_1_25' title="bbox 116 2348 1005 2424; baseline 0.002 -12"><span class='ocrx_word' id='word_1_154' title='bbox 116 2414 131 2423; x_wconf 19' lang='grc' dir='ltr'>Ν</span> <span class='ocrx_word' id='word_1_155' title='bbox 200 2378 324 2421; x_wconf 75' lang='grc' dir='ltr'><strong>τος,</strong></span> <span class='ocrx_word' id='word_1_156' title='bbox 369 2352 396 2408; x_wconf 77' lang='grc' dir='ltr'>ὅ</span> <span class='ocrx_word' id='word_1_157' title='bbox 430 2348 588 2417; x_wconf 60' lang='grc' dir='ltr'><strong><em>καθὼς</em></strong></span> <span class='ocrx_word' id='word_1_158' title='bbox 622 2352 828 2421; x_wconf 57' lang='lat' dir='ltr'><strong>minag</strong></span> <span class='ocrx_word' id='word_1_159' title='bbox 850 2397 867 2424; x_wconf 93' lang='lat'><strong>,</strong></span> <span class='ocrx_word' id='word_1_160' title='bbox 903 2348 1005 2414; x_wconf 58' lang='lat' dir='ltr'><strong>dre</strong></span> 
     </span>
    </p>
   </div>
   <div class='ocr_carea' id='block_1_6' title="bbox 195 2424 1002 2593">
    <p class='ocr_par' dir='ltr' id='par_1_6' title="bbox 195 2424 1002 2593">
     <span class='ocr_line' id='line_1_26' title="bbox 199 2424 1002 2507; baseline -0.001 -18"><span class='ocrx_word' id='word_1_161' title='bbox 199 2424 334 2507; x_wconf 62' lang='grc' dir='ltr'><strong>πρὶς</strong></span> <span class='ocrx_word' id='word_1_162' title='bbox 368 2432 484 2487; x_wconf 89' lang='lat' dir='ltr'><strong>&amp;c.</strong></span> <span class='ocrx_word' id='word_1_163' title='bbox 515 2429 750 2487; x_wconf 81' lang='lat' dir='ltr'><strong>&#39;Servusi</strong></span> <span class='ocrx_word' id='word_1_164' title='bbox 786 2431 898 2488; x_wconf 83' lang='lat' dir='ltr'><strong>itur</strong></span> <span class='ocrx_word' id='word_1_165' title='bbox 914 2431 1002 2488; x_wconf 84' lang='lat' dir='ltr'><strong>be-</strong></span> 
     </span>
     <span class='ocr_line' id='line_1_27' title="bbox 195 2450 999 2593; baseline 0 -30"><span class='ocrx_word' id='word_1_166' title='bbox 195 2516 446 2582; x_wconf 76' lang='lat' dir='ltr'><strong>nep&#39;artus</strong></span> <span class='ocrx_word' id='word_1_167' title='bbox 487 2519 554 2563; x_wconf 60' lang='grc' dir='ltr'><strong>(θ’</strong></span> <span class='ocrx_word' id='word_1_168' title='bbox 579 2450 818 2593; x_wconf 44' lang='lat' dir='ltr'><strong>honestis</strong></span> <span class='ocrx_word' id='word_1_169' title='bbox 840 2520 999 2582; x_wconf 82' lang='lat' dir='ltr'><em>pror-</em></span> 
     </span>
    </p>
   </div>
   <div class='ocr_carea' id='block_1_7' title="bbox 179 2578 1038 2725">
    <p class='ocr_par' dir='ltr' id='par_1_7' title="bbox 179 2578 1038 2725">
     <span class='ocr_line' id='line_1_28' title="bbox 179 2578 1038 2656; baseline 0.01 -25"><span class='ocrx_word' id='word_1_170' title='bbox 179 2580 313 2656; x_wconf 75' lang='lat' dir='ltr'><strong>sus,</strong></span> <span class='ocrx_word' id='word_1_171' title='bbox 355 2596 628 2655; x_wconf 79' lang='lat' dir='ltr'><strong>tanquam</strong></span> <span class='ocrx_word' id='word_1_172' title='bbox 669 2594 780 2639; x_wconf 60' lang='lat' dir='ltr'><strong>wc.</strong></span> <span class='ocrx_word' id='word_1_173' title='bbox 837 2578 1002 2648; x_wconf 68' lang='grc' dir='ltr'><strong><em>κιλὶς</em></strong></span> <span class='ocrx_word' id='word_1_174' title='bbox 1032 2599 1038 2607; x_wconf 83' lang='grc'><em>·</em></span> 
     </span>
     <span class='ocr_line' id='line_1_29' title="bbox 196 2654 1018 2725; baseline 0.006 -12"><span class='ocrx_word' id='word_1_175' title='bbox 196 2654 271 2713; x_wconf 91' lang='lat' dir='ltr'><strong>ad</strong></span> <span class='ocrx_word' id='word_1_176' title='bbox 305 2670 502 2725; x_wconf 81' lang='lat' dir='ltr'><strong>mores</strong></span> <span class='ocrx_word' id='word_1_177' title='bbox 537 2658 596 2715; x_wconf 89' lang='lat'>&amp;</span> <span class='ocrx_word' id='word_1_178' title='bbox 623 2655 890 2713; x_wconf 85' lang='lat' dir='ltr'><strong>animum</strong></span> <span class='ocrx_word' id='word_1_179' title='bbox 905 2654 1018 2718; x_wconf 62' lang='lat' dir='ltr'><strong>re‘-.</strong></span> 
     </span>
    </p>
   </div>
   <div class='ocr_carea' id='block_1_8' title="bbox 193 2719 1006 3241">
    <p class='ocr_par' dir='ltr' id='par_1_8' title="bbox 193 2719 1006 3241">
     <span class='ocr_line' id='line_1_30' title="bbox 201 2719 1004 2799; baseline 0.006 -16"><span class='ocrx_word' id='word_1_180' title='bbox 201 2726 520 2786; x_wconf 83' lang='lat' dir='ltr'><strong>ferendum</strong></span> <span class='ocrx_word' id='word_1_181' title='bbox 561 2728 662 2797; x_wconf 62' lang='lat' dir='ltr'><strong>hic</strong></span> <span class='ocrx_word' id='word_1_182' title='bbox 695 2749 712 2787; x_wconf 78' lang='lat'>2</span> <span class='ocrx_word' id='word_1_183' title='bbox 773 2719 1004 2799; x_wconf 54' lang='grc' dir='ltr'><strong>εὖῙκἹηἹος</strong></span> 
     </span>
     <span class='ocr_line' id='line_1_31' title="bbox 193 2802 1005 2879; baseline 0.002 -16"><span class='ocrx_word' id='word_1_184' title='bbox 193 2816 398 2863; x_wconf 81' lang='lat' dir='ltr'><strong>autem</strong></span> <span class='ocrx_word' id='word_1_185' title='bbox 429 2818 566 2859; x_wconf 90' lang='lat' dir='ltr'><strong>cum</strong></span> <span class='ocrx_word' id='word_1_186' title='bbox 596 2802 874 2879; x_wconf 86' lang='lat' dir='ltr'><strong>Emphafi</strong></span> <span class='ocrx_word' id='word_1_187' title='bbox 905 2824 1005 2867; x_wconf 85' lang='lat' dir='ltr'><strong>ac-</strong></span> 
     </span>
     <span class='ocr_line' id='line_1_32' title="bbox 203 2876 1004 2955; baseline 0.004 -19"><span class='ocrx_word' id='word_1_188' title='bbox 203 2876 754 2955; x_wconf 76' lang='lat' dir='ltr'><strong>cipiendumtquem</strong></span> <span class='ocrx_word' id='word_1_189' title='bbox 784 2897 846 2938; x_wconf 84' lang='lat' dir='ltr'><strong>tu</strong></span> <span class='ocrx_word' id='word_1_190' title='bbox 893 2881 1004 2954; x_wconf 79' lang='lat' dir='ltr'><strong>usto</strong></span> 
     </span>
     <span class='ocr_line' id='line_1_33' title="bbox 201 2950 1004 3028; baseline 0.005 -17"><span class='ocrx_word' id='word_1_191' title='bbox 201 2954 360 3013; x_wconf 80' lang='lat' dir='ltr'><strong>titulo</strong></span> <span class='ocrx_word' id='word_1_192' title='bbox 387 2950 630 3028; x_wconf 78' lang='lat' dir='ltr'><strong>poffldes:</strong></span> <span class='ocrx_word' id='word_1_193' title='bbox 675 2954 812 3013; x_wconf 84' lang='lat' dir='ltr'><strong>alias</strong></span> <span class='ocrx_word' id='word_1_194' title='bbox 873 2968 1004 3015; x_wconf 87' lang='lat' dir='ltr'><strong>orte</strong></span> 
     </span>
     <span class='ocr_line' id='line_1_34' title="bbox 200 3028 999 3101; baseline 0.003 -14"><span class='ocrx_word' id='word_1_195' title='bbox 200 3028 546 3101; x_wconf 87' lang='lat' dir='ltr'><strong>aufugeret,</strong></span> <span class='ocrx_word' id='word_1_196' title='bbox 590 3029 651 3087; x_wconf 75' lang='grc' dir='ltr'><strong>δε</strong></span> <span class='ocrx_word' id='word_1_197' title='bbox 675 3028 754 3087; x_wconf 76' lang='lat' dir='ltr'><strong>&#39;ad</strong></span> <span class='ocrx_word' id='word_1_198' title='bbox 785 3036 922 3090; x_wconf 79' lang='lat' dir='ltr'><strong>eum</strong></span> <span class='ocrx_word' id='word_1_199' title='bbox 942 3031 999 3089; x_wconf 89' lang='lat' dir='ltr'><strong>se</strong></span> 
     </span>
     <span class='ocr_line' id='line_1_35' title="bbox 207 3104 1002 3180; baseline 0.005 -20"><span class='ocrx_word' id='word_1_200' title='bbox 207 3104 501 3179; x_wconf 84' lang='lat' dir='ltr'><strong>reciperet</strong></span> <span class='ocrx_word' id='word_1_201' title='bbox 532 3142 551 3170; x_wconf 89' lang='lat'><em>‚</em></span> <span class='ocrx_word' id='word_1_202' title='bbox 599 3105 765 3180; x_wconf 82' lang='lat' dir='ltr'><strong>cujus</strong></span> <span class='ocrx_word' id='word_1_203' title='bbox 805 3104 1002 3164; x_wconf 80' lang='lat' dir='ltr'><strong>servus</strong></span> 
     </span>
     <span class='ocr_line' id='line_1_36' title="bbox 211 3174 1006 3241; baseline 0.001 -3"><span class='ocrx_word' id='word_1_204' title='bbox 211 3174 352 3238; x_wconf 74' lang='lat' dir='ltr'><strong>effet</strong></span> <span class='ocrx_word' id='word_1_205' title='bbox 385 3194 601 3241; x_wconf 67' lang='lat' dir='ltr'><strong>zevem</strong></span> <span class='ocrx_word' id='word_1_206' title='bbox 634 3197 650 3238; x_wconf 70' lang='grc' dir='ltr'>ι</span> <span class='ocrx_word' id='word_1_207' title='bbox 691 3194 854 3241; x_wconf 86' lang='lat' dir='ltr'><strong>nunc</strong></span> <span class='ocrx_word' id='word_1_208' title='bbox 893 3180 1006 3241; x_wconf 75' lang='lat' dir='ltr'><strong>sci-.-</strong></span> 
     </span>
    </p>
   </div>
   <div class='ocr_carea' id='block_1_9' title="bbox 1073 2427 1878 3259">
    <p class='ocr_par' dir='ltr' id='par_1_9' title="bbox 1073 2427 1878 3259">
     <span class='ocr_line' id='line_1_37' title="bbox 1077 2427 1878 2505; baseline 0.002 -18"><span class='ocrx_word' id='word_1_209' title='bbox 1077 2440 1335 2505; x_wconf 88' lang='lat' dir='ltr'><strong>optumo</strong></span> <span class='ocrx_word' id='word_1_210' title='bbox 1372 2430 1551 2505; x_wconf 90' lang='lat' dir='ltr'><strong>jure,</strong></span> <span class='ocrx_word' id='word_1_211' title='bbox 1589 2445 1623 2486; x_wconf 88' lang='lat' dir='ltr'><strong>a</strong></span> <span class='ocrx_word' id='word_1_212' title='bbox 1694 2427 1878 2489; x_wconf 83' lang='lat' dir='ltr'><strong>alium</strong></span> 
     </span>
     <span class='ocr_line' id='line_1_38' title="bbox 1076 2502 1875 2579; baseline 0.001 -17"><span class='ocrx_word' id='word_1_213' title='bbox 1076 2521 1206 2563; x_wconf 90' lang='lat' dir='ltr'><strong>non</strong></span> <span class='ocrx_word' id='word_1_214' title='bbox 1272 2502 1637 2578; x_wconf 88' lang='lat' dir='ltr'><strong>confugiet,</strong></span> <span class='ocrx_word' id='word_1_215' title='bbox 1694 2512 1875 2579; x_wconf 81' lang='lat' dir='ltr'><strong>quam</strong></span> 
     </span>
     <span class='ocr_line' id='line_1_39' title="bbox 1075 2578 1875 2650; baseline -0.005 -11"><span class='ocrx_word' id='word_1_216' title='bbox 1075 2578 1156 2639; x_wconf 89' lang='lat' dir='ltr'><strong>ad</strong></span> <span class='ocrx_word' id='word_1_217' title='bbox 1199 2598 1331 2650; x_wconf 90' lang='lat' dir='ltr'><strong>me,</strong></span> <span class='ocrx_word' id='word_1_218' title='bbox 1378 2579 1633 2641; x_wconf 87' lang='lat' dir='ltr'><strong>amicam</strong></span> <span class='ocrx_word' id='word_1_219' title='bbox 1668 2589 1875 2648; x_wconf 87' lang='lat' dir='ltr'><strong>tuam,</strong></span> 
     </span>
     <span class='ocr_line' id='line_1_40' title="bbox 1075 2651 1875 2715; baseline 0 -2"><span class='ocrx_word' id='word_1_220' title='bbox 1075 2666 1144 2713; x_wconf 89' lang='lat' dir='ltr'><strong>ut</strong></span> <span class='ocrx_word' id='word_1_221' title='bbox 1172 2654 1295 2715; x_wconf 75' lang='lat' dir='ltr'><strong>cito</strong></span> <span class='ocrx_word' id='word_1_222' title='bbox 1324 2652 1527 2714; x_wconf 82' lang='lat' dir='ltr'><strong>redeat</strong></span> <span class='ocrx_word' id='word_1_223' title='bbox 1561 2656 1623 2711; x_wconf 88' lang='lat'>&amp;</span> <span class='ocrx_word' id='word_1_224' title='bbox 1650 2651 1875 2713; x_wconf 86' lang='lat' dir='ltr'><strong>nullam</strong></span> 
     </span>
     <span class='ocr_line' id='line_1_41' title="bbox 1079 2728 1875 2805; baseline 0 -16"><span class='ocrx_word' id='word_1_225' title='bbox 1079 2729 1181 2789; x_wconf 91' lang='lat' dir='ltr'><strong>det</strong></span> <span class='ocrx_word' id='word_1_226' title='bbox 1238 2728 1399 2803; x_wconf 85' lang='lat' dir='ltr'><strong>fugae</strong></span> <span class='ocrx_word' id='word_1_227' title='bbox 1440 2728 1875 2805; x_wconf 71' lang='lat' dir='ltr'><strong>suspicionema</strong></span> 
     </span>
     <span class='ocr_line' id='line_1_42' title="bbox 1081 2803 1870 2877; baseline 0.001 -15"><span class='ocrx_word' id='word_1_228' title='bbox 1081 2804 1173 2865; x_wconf 87' lang='lat' dir='ltr'><strong>Ita</strong></span> <span class='ocrx_word' id='word_1_229' title='bbox 1200 2803 1587 2877; x_wconf 86' lang='lat' dir='ltr'><strong>intelligenda</strong></span> <span class='ocrx_word' id='word_1_230' title='bbox 1612 2804 1693 2861; x_wconf 89' lang='lat' dir='ltr'><strong>est</strong></span> <span class='ocrx_word' id='word_1_231' title='bbox 1720 2818 1870 2863; x_wconf 79' lang='lat' dir='ltr'><strong>vox:</strong></span> 
     </span>
     <span class='ocr_line' id='line_1_43' title="bbox 1119 2877 1876 2953; baseline -0.004 -15"><span class='ocrx_word' id='word_1_232' title='bbox 1119 2878 1247 2938; x_wconf 87' lang='lat' dir='ltr'><strong>uod</strong></span> <span class='ocrx_word' id='word_1_233' title='bbox 1291 2895 1553 2946; x_wconf 89' lang='lat' dir='ltr'><strong>moneo,</strong></span> <span class='ocrx_word' id='word_1_234' title='bbox 1593 2880 1733 2953; x_wconf 82' lang='lat' dir='ltr'><strong>quia</strong></span> <span class='ocrx_word' id='word_1_235' title='bbox 1770 2877 1876 2938; x_wconf 80' lang='lat' dir='ltr'><strong>ab·</strong></span> 
     </span>
     <span class='ocr_line' id='line_1_44' title="bbox 1097 2952 1875 3028; baseline 0.005 -15"><span class='ocrx_word' id='word_1_236' title='bbox 1097 2952 1310 3015; x_wconf 55' lang='lat' dir='ltr'><strong>{rufior</strong></span> <span class='ocrx_word' id='word_1_237' title='bbox 1379 2952 1557 3028; x_wconf 83' lang='lat' dir='ltr'><strong>paulo</strong></span> <span class='ocrx_word' id='word_1_238' title='bbox 1628 2953 1705 3013; x_wconf 89' lang='lat' dir='ltr'><strong>est</strong></span> <span class='ocrx_word' id='word_1_239' title='bbox 1734 2996 1755 3026; x_wconf 84' lang='lat'><strong>,</strong></span> <span class='ocrx_word' id='word_1_240' title='bbox 1810 2954 1875 3017; x_wconf 78' lang='grc' dir='ltr'><strong>δε</strong></span> 
     </span>
     <span class='ocr_line' id='line_1_45' title="bbox 1079 3028 1878 3100; baseline 0.005 -15"><span class='ocrx_word' id='word_1_241' title='bbox 1079 3046 1205 3087; x_wconf 90' lang='lat' dir='ltr'><strong>non</strong></span> <span class='ocrx_word' id='word_1_242' title='bbox 1237 3028 1367 3090; x_wconf 78' lang='lat' dir='ltr'><strong>satis</strong></span> <span class='ocrx_word' id='word_1_243' title='bbox 1399 3029 1736 3100; x_wconf 65' lang='lat' dir='ltr'><strong>inteueaa,</strong></span> <span class='ocrx_word' id='word_1_244' title='bbox 1770 3045 1878 3089; x_wconf 76' lang='lat' dir='ltr'><strong>na-</strong></span> 
     </span>
     <span class='ocr_line' id='line_1_46' title="bbox 1073 3104 1871 3166; baseline -0.001 -4"><span class='ocrx_word' id='word_1_245' title='bbox 1073 3104 1325 3164; x_wconf 82' lang='lat' dir='ltr'><strong>sutiores</strong></span> <span class='ocrx_word' id='word_1_246' title='bbox 1379 3104 1455 3165; x_wconf 90' lang='lat' dir='ltr'><strong>ad</strong></span> <span class='ocrx_word' id='word_1_247' title='bbox 1509 3104 1698 3165; x_wconf 87' lang='lat' dir='ltr'><strong>Crifin</strong></span> <span class='ocrx_word' id='word_1_248' title='bbox 1751 3106 1871 3166; x_wconf 86' lang='lat' dir='ltr'><strong>im·</strong></span> 
     </span>
     <span class='ocr_line' id='line_1_47' title="bbox 1075 3176 1785 3259; baseline 0.008 -18"><span class='ocrx_word' id='word_1_249' title='bbox 1075 3178 1297 3257; x_wconf 77' lang='lat' dir='ltr'><strong>pellere</strong></span> <span class='ocrx_word' id='word_1_250' title='bbox 1322 3176 1785 3259; x_wconf 56' lang='lat' dir='ltr'><strong>postem-Pam.</strong></span> 
     </span>
    </p>
   </div>
   <div class='ocr_carea' id='block_1_10' title="bbox 1830 3244 1849 3263">
    <p class='ocr_par' dir='ltr' id='par_1_10' title="bbox 1830 3244 1849 3263">
     <span class='ocr_line' id='line_1_48' title="bbox 1830 3244 1849 3263; baseline 0 -6"><span class='ocrx_word' id='word_1_251' title='bbox 1830 3244 1849 3263; x_wconf 65' lang='grc' dir='ltr'><strong><em>ρ</em></strong></span> 
     </span>
    </p>
   </div>
   <div class='ocr_carea' id='block_1_11' title="bbox 1805 3272 1879 3323">
    <p class='ocr_par' dir='ltr' id='par_1_11' title="bbox 1805 3272 1879 3323">
     <span class='ocr_line' id='line_1_49' title="bbox 1805 3272 1879 3323; baseline 0 0"><span class='ocrx_word' id='word_1_252' title='bbox 1805 3272 1879 3323; x_wconf 68' lang='lat'><strong>⁶6</strong></span> 
     </span>
    </p>
   </div>
  </div>
 </body>
</html>
