2258 3537
235 306 457 421 μαθων
485 306 613 393 vel
652 303 903 413 ’ἔμαθον
935 297 1303 415 scriptum
1350 322 1515 385 erat
1554 302 1720 411 μεθ
1756 306 1883 391 vel

453 416 904 525 ,occultata
947 415 1207 500 cauda
1266 443 1361 500 ex
1430 443 1717 511 more·
1798 422 1885 505 id

243 535 450 621 male
511 529 976 647 explicitum
1031 560 1078 614 a
1115 527 1889 644 descriptoribus,&

246 646 436 735 inde
472 672 726 744 error,
786 646 886 729 ad
918 668 1159 755 quem
1204 638 1497 732 accessit
1528 646 1769 731 trium
1804 642 1896 733 Ii·

229 752 585 845 ¹terarum
658 762 1147 869 sequentium
1239 760 1621 843 interitus.
1728 758 1898 873 Ipsa

251 873 669 985 responsio
701 872 908 957 haud
954 872 1233 957 dubie
1252 873 1351 957 ab
1388 870 1751 961 homine
1768 902 1893 959 re-

225 986 578 1073 'centiori
611 1039 640 1085 ,
728 990 860 1071 cui
941 988 1044 1073 de
1111 988 1286 1071 luto
1350 987 1659 1073 meliori
1729 1016 1892 1073 non

247 1124 482 1189 erant
521 1101 981 1216 praecordia.
1051 1100 1181 1185 Sic
1219 1101 1319 1187 ad
1357 1100 1899 1217 Epigramma-

246 1221 348 1302 tis
422 1218 928 1344 pervenimus
979 1214 1281 1301 finem.
1353 1218 1575 1327 quod
1632 1244 1901 1303 nonne

214 1330 580 1414 ‘artificio
636 1338 852 1413 nov'o
887 1336 968 1411 &
997 1328 1233 1441 plane
1272 1328 1750 1428 admirabilis
1807 1352 1898 1415 ut

245 1444 498 1529 modo
534 1442 887 1527 dicebam
914 1440 1260 1535 ‚versum
1300 1452 1373 1527 ὃ(
1417 1466 1895 1529 recentatum

114 1642 122 1647 ,
247 1556 364 1642 est
421 1560 517 1642 ab
552 1556 943 1641 Orbilio?
1015 1556 1221 1652 Hic,
1274 1546 1723 1643 hic‘scilicet
1764 1558 1897 1645 ine

212 1667 432 1784 ·ipse‘
467 1671 615 1763 est,
664 1674 808 1783 qui
876 1664 1395 1755 Theocritum
1442 1682 1523 1755 &
1572 1670 1892 1759 Antho-

247 1787 544 1914 logiam
601 1785 954 1871 Graecam
1019 1787 1244 1870 nobis
1302 1787 1663 1898 expoliet.
1776 1787 1892 1874 Di

247 1903 480 1997 boni,
538 1902 741 2012 qubt
779 1931 1026 1996 nova,
1084 1903 1286 2010 quot
1327 1903 1683 1986 inaudita
1718 1927 1889 1988 non

243 2017 846 2100 accumulabant
884 2013 1488 2099 elaboratiffimae
1516 2018 1684 2120 eius
1706 2015 1795 2098 N
1799 2045 1890 2100 o·

242 2131 376 2211 tae!
439 2127 598 2210 Sed
642 2118 934 2210 Virum
975 2127 1430 2223 Eximium‚
1469 2153 1885 2240 antequam

241 2241 350 2326 ad
417 2265 622 2352 opus
661 2239 859 2324 illud
899 2237 1120 2322 suum
1164 2243 1688 2356 aggrediatur,
1748 2247 1889 2328 ob·

241 2358 436 2440 nixe
491 2383 730 2466 rogo,
795 2383 956 2457 non
1023 2377 1111 2437 ut
1168 2357 1627 2468 Anticyram
1664 2361 1884 2444 navi-

243 2493 438 2582 get:
519 2471 656 2552 ,Sic
724 2479 936 2554 enim
995 2471 1265 2583 Agnes
1316 2471 1713 2558 castiffima·
1754 2475 1883 2558 illa

235 2583 490 2694 Lycei
529 2580 865 2670 Patrona
903 2585 1353 2670 saccharini‘s
1386 2589 1542 2673 suis
1584 2587 1885 2672 deliciis

237 2701 534 2780 careret
561 2702 808 2784 nimis
853 2699 1032 2784 diu:
1087 2699 1219 2782 sed
1270 2723 1359 2783 ut
1406 2703 1485 2782 in
1522 2703 1681 2812 ipsa
1720 2699 1883 2782 Ur-

238 2811 342 2893 be
393 2811 652 2896 Patria
697 2867 722 2909 ‚
777 2814 1286 2896 celeberrimo
1342 2816 1585 2898 totius
1650 2835 1887 2899 terra·

235 2949 414 3008 rum
453 2927 663 3008 orbis
705 2926 1128 3036 Emporio,
1174 2927 1691 3013 Helleborum
1746 2958 1888 3036 op-

239 3041 474 3124 timi
509 3043 812 3152 generis
883 3041 1020 3126 fibi
1079 3043 1495 3150 conquirat
1529 3093 1556 3136 ‚
1632 3065 1891 3142 eoque

1688 3169 1899 3222 cere-
