2258 3537
657 142 1034 203 zpls'r.
1116 135 1459 202 1'.1'13.1.
1819 151 1923 224 45.

219 264 421 336 nem?
468 281 827 362 utrumque
863 264 1009 364 plus
1044 279 1325 358 poterat=
1371 259 1481 332 sed
1514 258 1770 332 tandem
1804 267 1917 336 in-

217 363 466 438 clinavi
516 354 597 433 ad
629 386 924 432 amorem
957 359 1183 458 magis.
1236 357 1519 456 augebat
1555 362 1737 429 enim
1766 387 1919 432 mo-

219 485 330 542 ra,
381 487 457 532 ac
508 460 684 536 velut
729 458 974 530 haerens
1016 479 1199 530 terrae
1246 458 1459 552 planta
1491 509 1514 542 ‚
1564 454 1917 530 succresce-

221 556 334 626 bat
372 563 552 630 intus
593 559 664 626 in
695 560 913 627 anima
938 579 1096 625 mea.
1152 559 1241 623 Ita
1270 555 1437 626 vieta
1473 553 1616 625 sum
1633 604 1656 639 ‚
1686 549 1916 644 fateor,

217 652 316 727 ab.
353 655 600 726 invicta
651 652 961 749 lampade.
1062 650 1174 723 Ad
1225 649 1361 724 haec
1399 652 1647 736 vetula,
1684 651 1917 728 'Grave

220 751 474 823 malum
517 774 724 821 narras
759 803 784 834 ,
828 753 1078 846 inquit,
1125 746 1261 820 filia
1279 777 1307 835 3
1364 744 1781 819 dehonestasti
1813 775 1924 822 ca.

224 873 352 918 nos
393 872 596 920 meos,
665 853 956 934 Verum,
1007 851 1335 944 quoniam
1373 843 1621 918 factum
1651 843 1923 919 fieriin-

219 941 471 1016 fecium
505 970 643 1016 non
670 940 880 1040 potest
897 995 920 1029 ‚
975 943 1163 1041 quod
1196 942 1469 1037 superest
1487 997 1509 1025 ‚
1557 939 1803 1015 abstine
1838 945 1921 1018 ab

222 1038 363 1134 his,
412 1067 694 1127 moneo,
742 1066 866 1113 nec
898 1066 1096 1140 pecca
1134 1041 1349 1112 denuo
1369 1069 1399 1126 3
1454 1065 1537 1110 ne
1571 1037 1741 1112 forte
1762 1069 1919 1134 pro-

218 1135 378 1210 cessii
421 1141 516 1211 rei
572 1141 762 1212 simul
792 1165 867 1210 ac
899 1139 1213 1235 temporis
1229 1190 1252 1225 ‚
1300 1136 1697 1209 tumescente
1727 1159 1918 1212 utero

215 1261 492 1332 gnarum
532 1237 603 1308 id
637 1260 852 1308 totum
884 1237 997 1309 fiat
1031 1232 1437 1334 parentibus.
1506 1235 1628 1306 Sed
1662 1241 1917 1311 utinam

215 1330 346 1403 tibi
385 1384 410 1420 ‚
453 1331 833 1431 priusquam
883 1330 1267 1430 prehendare
1303 1384 1328 1420 ,
1377 1330 1471 1402 dii
1517 1333 1749 1403 celeres
1798 1361 1919 1406 an-

509 1458 514 1462 ·
1716 1453 1918 1504 nuant

217 1621 462 1694 denuc,
484 1632 554 1682 ut
578 1620 783 1682 nutrix
801 1619 1030 1691 suadet,
1103 1617 1398 1698 peccandi
1534 1619 1921 1700 consuetudi--⁴

215 1708 416 1756 metus
474 1709 597 1757 erat
657 1698 851 1758 nullus
883 1741 902 1768 ‚
950 1715 1028 1756 ne
1103 1713 1245 1755 nem
1276 1713 1343 1756 ac
1392 1695 1580 1766 uitas,
1609 1695 1749 1758 &in
1766 1715 1915 1757 con·-

215 1773 443 1832 vitium
535 1772 705 1833 fieret
772 1772 1029 1834 manife-
1097 1770 1319 1847 greffus
1429 1772 1667 1833 enerios
1715 1788 1911 1849 prono

211 1847 402 1908 stum:
451 1848 681 1909 Callida
715 1848 917 1919 enim,
959 1860 1026 1908 ut
1099 1867 1169 1908 ac
1211 1847 1445 1908 lubenti
1482 1850 1688 1909 animo
1738 1866 1909 1921 ruaS,

212 1938 362 1983 mox
395 1924 596 1996 audis,
635 1923 938 2003 promittit
963 1924 1022 1984 se
1095 1924 1305 1999 itaque
1346 1920 1449 1983 fias
1486 1923 1749 1984 libidinis
1780 1944 1911 1987 ma-

217 1998 695 2070 effesturamme
711 2000 1022 2074 ipsespon-
1095 1998 1359 2059 nifestae:
1402 1998 1712 2059 Hactenus
1780 2001 1913 2059 uel-

213 2072 308 2133 sus
371 2092 506 2134 eam
565 2076 808 2135 sentiret
848 2076 1025 2135 vitia·
1093 2074 1152 2133 la
1211 2072 1538 2150 deliquerat
1582 2074 1721 2133 timi
1764 2096 1798 2135 a
1845 2078 1909 2135 &

214 2159 364 2207 tam.
421 2152 628 2224 Quare
660 2148 771 2205 Vir
802 2148 1020 2208 Erudi-
1095 2147 1289 2209 invita
1326 2166 1341 2205 ε
1400 2150 1492 2207 Ita
1531 2160 1733 2208 autem
1780 2151 1912 2211 ani-

213 2232 314 2280 tus
381 2239 604 2280 vocem
669 2220 962 2281 substituit
999 2264 1019 2293 ‚
1098 2232 1299 2290 mata,
1344 2221 1539 2282 videri
1576 2234 1702 2283 non
1728 2235 1907 2357 fote-

217 2314 362 2373 quae
421 2295 735 2357 sententiae
781 2294 1028 2361 inimica
1101 2307 1192 2357 rat
1229 2298 1565 2375 ,ωιτάφοροςε
1609 2317 1724 2376 qua
1750 2300 1796 2358 is
1827 2318 1905 2362 ne

217 2372 314 2431 est.
355 2368 1027 2449 Dicam‚quodverum
1103 2372 1272 2432 fieret
1316 2372 1511 2445 bona,
1554 2376 1722 2435 Deos
1770 2394 1905 2452 pre-

218 2446 334 2515 est,
376 2449 486 2508 nifi
529 2449 738 2508 fallor:
786 2448 1030 2523 κωΊαφὲ-
1103 2459 1269 2507 catur
1313 2453 1554 2520 nutrix,
1596 2462 1665 2511 ut
1707 2452 1905 2513 hone-

218 2525 410 2599 pec-sm
437 2542 470 2583 a
507 2538 762 2599 corpore
795 2522 872 2581 ad
899 2525 1026 2584 ani·
1098 2522 1243 2583 stam
1334 2526 1753 2585 conditionem
1847 2529 1904 2589 ei

216 2613 390 2682 {num
429 2598 809 2667 transsatum,
857 2598 930 2657 de
956 2600 1027 2659 il-
1101 2601 1437 2661 concedant
1494 2619 1704 2680 ocyuS.
1764 2605 1905 2661 Me-

210 2672 283 2731 hs
339 2672 587 2743 dicitur,
627 2673 733 2749 qui
777 2674 839 2731 in
886 2692 1026 2750 pec-
1096 2676 1301 2737 tuebat
1360 2678 1522 2737 enim
1580 2678 1905 2740 exercitata

213 2750 440 2807 cata&
469 2748 613 2809 vitia
640 2763 820 2807 ruunt
845 2752 1021 2824 proni
1094 2752 1158 2811 id
1181 2782 1200 2821 ᾗ
1253 2750 1422 2829 quod
1468 2753 1711 2811 evenire
1753 2754 1905 2815 solet

216 2823 281 2881 δε
325 2825 534 2883 animo
574 2824 816 2881 lubente
857 2844 872 2882 ε
932 2826 1022 2885 Si-
1094 2827 1225 2901 post
1286 2827 1550 2886 duellum
1598 2827 1901 2903 primum,

210 2897 556 2975 militerque
584 2899 867 2971 καΊιιφορᾶ
888 2942 904 2969 ,
921 2925 1020 2958 κω·
1097 2904 1159 2961 &
1186 2902 1607 2962 imbecillitatis
1621 2902 1903 2967 humanae

213 2974 448 3051 τάφομς
471 2972 840 3049 δτκωἹαιφερῆς
856 2975 1021 3034 usur-
1095 2990 1222 3034 non
1257 2977 1606 3051 erat-ignara
1633 2978 1760 3052 ipso
1777 2980 1905 3039 for-

209 3062 383 3124 pata:
431 3050 525 3108 Eo
558 3050 724 3109 sensu
756 3050 1020 3121 Empha-
1093 3064 1155 3111 te
1258 3066 1331 3111 ex
1379 3054 1671 3112 erimento
1770 3054 1905 3120 suo,

102 3154 116 3177 .·
209 3125 332 3181 tice
359 3128 564 3185 nutrix
595 3124 694 3182 hic
715 3166 732 3193 ,
766 3122 891 3205 argiv
921 3150 1020 3183 κα-
1099 3128 1255 3185 Haec
1284 3146 1314 3186 e
1391 3128 1679 3187 sententia
1700 3172 1718 3199 ,
1765 3132 1899 3191 haec

214 3200 450 3278 ,πάρωρος
482 3200 610 3275 γένῃ
629 3242 650 3271 ,
695 3214 1020 3280 antequam
1067 3204 1265 3263 ·v0cis
1314 3197 1753 3280 elegantiffim-e'e
1787 3206 1901 3339 ΗΞ-

1771 3297 1834 3338 m
1878 3312 1895 3321 .
