2258 3537
557 102 652 206 P
717 95 818 204 R
875 94 1029 209 AE
1081 30 1327 211 ΕΑ
1374 7 1783 211 ‘1⁶th

351 286 568 371 stolis
629 315 792 373 non
849 312 1096 399 pauca
1162 284 1449 385 efflent,
1508 314 1685 399 quae
1718 295 1803 373 &-
1852 293 2007 376 mi-
2078 306 2097 329 ·

311 480 318 486 ,
355 402 443 497 hi,
477 411 557 485 δε
599 406 774 488 aliis
817 402 1229 511 negotium
1276 400 1759 515 facesserent,
1819 404 2003 489 No-

357 516 494 598 tis·
523 516 1077 613 Merceriani3‚
1134 516 1415 601 collata
1454 516 2007 627 ubiquejSam-

357 632 540 715 buci
599 632 984 715 Editione
1044 633 1341 739 prima.
1402 632 1676 713 addidi
1733 631 2003 717 Notas

355 772 602 830 meas:
643 748 726 829 in
767 748 1052 855 quibus
1089 747 1289 854 quid
1316 745 1837 855 Epistolarum
1864 748 2026 829 Pa.·

355 859 561 941 renti
601 860 1018 970 praestitum
1058 858 1151 943 fit
1178 917 1195 949 ‚
1222 860 1532 955 Lector,
1557 863 2007 945 meumnon

357 971 467 1053 est
539 974 797 1057 dicere
837 1026 862 1067 ,
933 972 1064 1061 sed
1144 995 1367 1055 tuum
1444 968 1565 1057 est'
1628 978 1999 1057 arbitrari.

361 1088 812 1195 Atque-hic
865 1109 944 1169 te
1011 1088 1495 1171 dimitterem
1533 1143 1558 1185 ,
1618 1088 1753 1177 nifi
1804 1090 1999 1169 dum
2142 1098 2150 1107 '

353 1202 693 1303 calamus
779 1202 1158 1301 currit&
1223 1204 1413 1285 hora
1472 1231 1627 1284 una
1710 1203 1829 1282 vel
1885 1204 1999 1299 al··
2047 1236 2055 1243 ·

356 1336 520 1398 tera
648 1339 866 1401 vacat
915 1369 940 1407 ‚
1054 1314 1357 1421 aliquid
1468 1308 2001 1425 adjiciendum‘

352 1426 538 1532 esset
646 1432 748 1513 de
839 1429 1163 1537 -Orbilio
1271 1427 1999 1536 Amstelaedamenfi.

355 1546 556 1648 Qo
612 1546 935 1659 ingenio
998 1544 1088 1627 fit
1128 1542 1387 1624 Heros
1419 1544 1502 1625 in
1552 1542 2005 1651 dignoscen-

352 1653 464 1735 do
557 1654 726 1772 styli
803 1687 966 1741 non
1027 1654 1381 1766 ejusdem
1455 1655 1933 1739 Charastere
1975 1655 2014 1751 ς’
2108 1745 2113 1752 ,

347 1798 508 1879 qua
578 1775 854 1882 peritia
917 1775 1002 1855 in
1051 1773 1281 1854 rebus
1322 1771 2005 1874 Constantinopo-

345 1883 606 1968 litanis
651 1928 675 1983 3
732 1885 1347 1997 intelligentibus
1404 1888 1647 1967 verbo
1708 1885 2003 1966 indica-

344 2001 608 2084 vimus
700 2001 782 2082 in
869 1998 1333 2084 Praefatione
1409 1998 1507 2079 ad
1590 1997 2018 2109 Qintum.

199 2149 244 2191 υ.
314 2112 823 2198 Calabrum:
883 2112 1318 2198 Videamus
1355 2113 1523 2206 hic,
1584 2139 1744 2224 qua
1785 2110 1879 2195 fit
1917 2119 2001 2198 in

345 2223 636 2312 Literis
673 2228 970 2314 Graecis
1011 2228 1497 2316 eruditione,
1542 2236 1625 2310 ὃ(
1658 2224 1997 2338 quidem

345 2338 794 2425 distinctius
851 2343 1267 2452 paululum
1308 2397 1331 2434 ‚
1414 2365 1505 2424 ut
1570 2341 1714 2449 ipsi
1773 2343 1996 2446 pueri

342 2454 583 2540 sciant
618 2509 644 2551 ‚
702 2458 832 2540 cui
905 2479 1082 2538 tuto
1146 2456 1218 2536 se
1285 2457 1779 2535 committere
1833 2456 2003 2559 pos-

150 2652 158 2661 ,
313 2567 512 2654 (fint.
638 2571 733 2652 In
804 2567 946 2651 Cl.
997 2567 1283 2650 woxfii
1350 2568 1754 2676 Sapphicis
1808 2567 1999 2676 Epi·

337 2709 683 2791 gramma
771 2682 882 2764 est
965 2683 1044 2766 in
1109 2681 1610 2790 Sapphonem
1656 2734 1679 2774 ‚
1771 2679 1997 2788 quod

334 2799 778 2990 {fg-legere
848 2805 930 2880 &
975 2819 1311 2890 ,vertere
1386 2795 1675 2906 placuit
1758 2797 1998 2878 Orbi.-

1876 3117 1995 3212 Εἷς
2042 3181 2048 3188 -
