2258 3537
224 149 444 208 rerem.
522 133 632 205 Et·
651 138 902 231 ingenue
932 136 1038 209 ille
1065 136 1241 211 dedit
1256 192 1278 225 ‚
1327 138 1421 209 ad
1433 138 1631 235 fidem
1644 136 1887 236 scripti

221 272 412 363 libri,
455 276 530 344 ni
551 272 838 345 ,mutatis
877 276 1126 371 quidem
1166 298 1305 373 quae
1336 276 1547 373 facile
1572 278 1887 351 emendari

212 419 554 501 poterant·
525 454 552 494 ,
604 419 791 501 quam
823 432 924 504 ego
954 406 1209 481 eandem
1222 405 1419 505 fidem
1432 410 1687 509 ficutus
1697 412 1875 509 sitm,

221 558 298 613 ut
327 540 646 653 exemplar
672 540 871 639 ipsum
903 560 1022 614 non
1039 548 1443 617 immutatum
1468 548 1711 619 ederem
1726 548 1879 642 ,nisi

203 678 416 774 ficubi
441 688 801 751 accentuum
829 692 948 751 aut
979 678 1479 777 acasspirationum
1505 702 1681 753 error
1691 681 1843 779 fuit
1856 732 1880 768 ‚

223 815 337 911 qui
384 830 618 882 errores
647 810 729 880 ab
760 808 1126 906 exscriptore
1141 863 1168 905 ‚
1217 836 1337 884 non
1362 812 1447 883 ab
1477 813 1887 909 autographo

149 1038 156 1044 .
227 926 410 1041 ‚Quae
453 949 622 1013 certa
651 935 896 1034 putavi
899 993 934 1035 ,‚
979 944 1283 1040 adscripsi
1328 966 1453 1015 orae
1494 944 1681 1031 libri,
1727 962 1887 1019 cete-

223 1061 498 1150 terorum
557 1075 965 1173 conjelluram
993 1132 1015 1165 ‚
1061 1080 1269 1174 fimul
1314 1080 1623 1159 rationem
1666 1092 1879 1151 eorum

223 1230 362 1301 quae
409 1207 707 1306 adscripsi
717 1260 745 1305 ,
793 1208 880 1291 ἐξ
924 1212 1313 1305 quorundam
1338 1208 1759 1301 diffie-iliorum
1794 1218 1879 1287 il-

223 1342 650 1435 lustrationem
681 1345 961 1439 servavi
993 1340 1094 1413 his
1124 1343 1315 1413 notis.
1392 1342 1591 1441 .Qae
1621 1366 1739 1417 non
1760 1366 1877 1441 po-

225 1474 372 1564 tui,
405 1452 747 1577 superstent
773 1469 962 1565 „satis¹
991 1474 1192 1543 multa
1226 1521 1251 1556 ,
1316 1448 1541 1563 quibus
1576 1470 1884 1563 sanandis

211 1580 506 1711 feliciora
552 1608 794 1707 ingenia
843 1604 1289 1677 non·--deerunt.
1354 1602 1508 1674 Hoc
1546 1626 1735 1677 unum
1768 1606 1891 1678 ad-

229 1748 379 1820 dam
399 1799 450 1838 ‚,
471 1744 759 1840 epistolas
793 1744 912 1818 has
951 1741 1149 1839 tersas
1164 1796 1187 1831 ‚
1231 1742 1575 1838 elegantes:
1608 1736 1733 1839 fid
1739 1742 1885 1837 fere

224 1859 395 1941 totas
455 1875 531 1942 ex
595 1871 970 1964 optimorum
1017 1863 1399 1962 scn'ptorum
1454 1867 1681 1960 affutis
1740 1873 1888 1943 locis

227 2006 731 2094 confitrcinat'as·
703 2057 728 2093 ,
779 2003 1117 2099 cujusmodi
1156 2005 1377 2072 notavi
1409 2005 1613 2074 multa
1644 2029 1679 2076 e
1711 2007 1887 2080 Pla-

220 2163 402 2229 tone,
451 2137 740 2208 Luciano
755 2186 775 2218 ‚
823 2129 1255 2224 Philostrato,
1303 2131 1499 2216 aliis‚·
1533 2131 1731 2220 plura
1767 2157 1877 2206 no-

222 2282 482 2348 taturus
495 2317 522 2357 ,
543 2265 686 2362 ²²¹st
697 2261 850 2356 jam
885 2247 1112 2348 tandiu
1146 2255 1407 2350 abeffl’m
1440 2279 1481 2326 a
1522 2256 1746 2351 libris,
1794 2260 1881 2344 ᾤ’

203 2407 578 2503 scriptorem
644 2399 809 2470 hunc
879 2391 1089 2493 ipsum
1119 2393 1265 2498 fere
1306 2396 1379 2466 in
1420 2397 1637 2467 mediis
1682 2401 1885 2470 armis

219 2536 635 2632 recensutffem
699 2535 904 2628 magis
948 2553 1140 2628 quam
1182 2533 1249 2602 in
1294 2532 1398 2602 illo
1438 2533 1690 2603 literato
1734 2537 1880 2605 otio.

226 2675 522 2744 Aetatem
552 2651 679 2762 qua
719 2666 892 2734 vixit
911 2715 934 2749 ‚
982 2684 1101 2734 non
1135 2662 1385 2732 aliunde
1406 2660 1656 2754 probem
1686 2685 1876 2754 quam

223 2805 306 2880 ab
355 2799 598 2894 epist-ola
625 2821 770 2870 xxv
785 2813 810 2868 1
825 2851 840 2868 .
879 2799 1080 2890 primi
1136 2797 1319 2884 libri,
1368 2796 1435 2862 in
1483 2815 1607 2888 qua
1654 2798 1879 2866 mentio

224 2934 581 3012 Caramalli
627 2897 1021 3003 Paatomimi
1055 2979 1076 3014 ‚
1127 2929 1239 3022 qui
1268 2948 1385 2996 non
1414 2927 1577 3018 longe
1605 2925 1687 2992 ab
1712 2941 1879 2995 aeta-

215 3088 279 3142 te
330 3069 574 3146 Sidonii
625 3064 1076 3160 Apollinaris,·
1110 3057 1213 3138 [9²
1264 3053 1587 3149 utriusque
1619 3055 1875 3132 Romae,

742 3254 774 3324 f·
1733 3197 1894 3290 quod
